## Avietės
|    | shop   | image                                                                                                                                                                                                                                                                      | title                                                                                                                                                                                                                                            | price                                                        | price_per                                                            | off    |   weight | date       | valid_until   |
|---:|:-------|:---------------------------------------------------------------------------------------------------------------------------------------------------------------------------------------------------------------------------------------------------------------------------|:-------------------------------------------------------------------------------------------------------------------------------------------------------------------------------------------------------------------------------------------------|:-------------------------------------------------------------|:---------------------------------------------------------------------|:-------|---------:|:-----------|:--------------|
|  0 | MAXIMA | <img src="https://cdn.barbora.lt/products/248e6af1-850b-4674-bbe1-f154b3a1425b_s.png" width=100 height=60 />                                                                                                                                                               | <a href="https://barbora.lt/produktai/sald-avietes-well-done-400-g-400-g"><table width="100"><td> Šaldytos avietės WELL DONE, 400 g </td></table></a>                                                                                            | 3.59€                                                        | 8.98€/kg                                                             |        |    0.4   | 2025-09-02 | nan           |
|  1 | RIMI   | <img src="https://rimibaltic-res.cloudinary.com/image/upload/b_white,c_limit,dpr_auto,f_auto,q_auto:low,w_auto/d_ecommerce:backend-fallback.png/MAT_811678_PCE_LT" width=100 height=60 />                                                                                  | <a href="https://www.rimi.lt/e-parduotuve/lt/produktai/saldytas-maistas/saldytos-darzoves-vaisiai-ir-uogos/saldyti-vaisiai-ir-uogos/saldytos-avietes-rimi-400-g/p/811678"><table width="100"><td> Šaldytos avietės RIMI, 400 g </td></table></a> | 3.99€                                                        | 9.97€/kg                                                             |        |    0.4   | 2025-09-02 | nan           |
|  2 | IKI    | <img src="https://storage.googleapis.com/download/storage/v1/b/lastmile-ui/o/import%2Fphotos%2Fconverted%2Fproduct%2FCvKfTzV4TN5U8BTMF1Hl_7YQCFGGdirLHCRp6pKNR_CvKfTzV4TN5U8BTMF1Hl_webpConverter_1_big.webp?generation=1698231913943231&alt=media" width=100 height=60 /> | <a href="https://www.lastmile.lt/chain/IKI/product/Avietes-125-g-2457"><table width="100"><td> Avietės, 125 g </td></table></a>                                                                                                                  | <div><strong>1.99€</strong></div><div><del>2.49€</del></div> | <div><strong>15.92€/kg</strong></div><div><del>19.92€/kg</del></div> | -20.1% |    0.13  | 2025-09-02 | 2025-09-07    |
|  3 | IKI    | <img src="https://storage.googleapis.com/download/storage/v1/b/lastmile-ui/o/import%2Fphotos%2Fconverted%2Fproduct%2FCvKfTzV4TN5U8BTMF1Hl_84657_CvKfTzV4TN5U8BTMF1Hl_webpConverter_1_big.webp?generation=1698234840183849&alt=media" width=100 height=60 />                | <a href="https://www.lastmile.lt/chain/IKI/product/Avietes-250-g-84657"><table width="100"><td> Avietės, 250 g </td></table></a>                                                                                                                 | <div><strong>3.99€</strong></div><div><del>4.79€</del></div> | <div><strong>15.96€/kg</strong></div><div><del>19.16€/kg</del></div> | -16.7% |    0.27  | 2025-09-02 | 2025-09-02    |
|  4 | MAXIMA | <img src="https://cdn.barbora.lt/products/80e91609-f148-4a75-a5f3-ac57a2dfddf2_s.png" width=100 height=60 />                                                                                                                                                               | <a href="https://barbora.lt/produktai/avietes-250-g-13955"><table width="100"><td> Avietės, 250 g </td></table></a>                                                                                                                              | 4.19€                                                        | 16.76€/kg                                                            |        |    0.25  | 2025-09-02 | nan           |
|  5 | RIMI   | <img src="https://rimibaltic-res.cloudinary.com/image/upload/b_white,c_limit,dpr_auto,f_auto,q_auto:low,w_auto/d_ecommerce:backend-fallback.png/MAT_903227_PCE_LT" width=100 height=60 />                                                                                  | <a href="https://www.rimi.lt/e-parduotuve/lt/produktai/vaisiai-darzoves-ir-geles/vaisiai-ir-uogos/uogos/lietuviskos-avietes-1-kl-125g/p/903227"><table width="100"><td> Lietuviškos avietės, 1 kl. 125g </td></table></a>                        | <div><strong>2.29€</strong></div><div><del>2.89€</del></div> | <div><strong>18.32€/kg</strong></div><div><del>23.12€/kg</del></div> | -20.8% |    0.125 | 2025-08-30 | 2025-09-01    |
|  6 | RIMI   | <img src="https://rimibaltic-res.cloudinary.com/image/upload/b_white,c_limit,dpr_auto,f_auto,q_auto:low,w_auto/d_ecommerce:backend-fallback.png/MAT_988086_PCE_LT" width=100 height=60 />                                                                                  | <a href="https://www.rimi.lt/e-parduotuve/lt/produktai/vaisiai-darzoves-ir-geles/vaisiai-ir-uogos/uogos/avietes-rimi-225g/p/988086"><table width="100"><td> Avietės RIMI, 225g </td></table></a>                                                 | 4.79€                                                        | 21.29€/kg                                                            |        |    0.225 | 2025-09-02 | nan           |
|  7 | MAXIMA | <img src="https://cdn.barbora.lt/products/217e0050-d566-494e-9010-cb1fc4e8d139_s.png" width=100 height=60 />                                                                                                                                                               | <a href="https://barbora.lt/produktai/avietes-well-done-125-g"><table width="100"><td> Avietės WELL DONE, 125 g </td></table></a>                                                                                                                | 2.99€                                                        | 23.92€/kg                                                            |        |    0.125 | 2025-09-02 | nan           |
|  8 | RIMI   | <img src="https://rimibaltic-res.cloudinary.com/image/upload/b_white,c_limit,dpr_auto,f_auto,q_auto:low,w_auto/d_ecommerce:backend-fallback.png/MAT_904821_PCE_LT" width=100 height=60 />                                                                                  | <a href="https://www.rimi.lt/e-parduotuve/lt/produktai/vaisiai-darzoves-ir-geles/vaisiai-ir-uogos/uogos/avietes-rimi-125-g/p/904821"><table width="100"><td> Avietės RIMI, 125 g </td></table></a>                                               | 2.99€                                                        | 23.92€/kg                                                            |        |    0.125 | 2025-09-02 | nan           |
## Aviečių uogienė
|    | shop   | image                                                                                                                                                                                                                                                                           | title                                                                                                                                                                                                                                                | price                                                        | price_per                                                            | off    |   weight | date       | valid_until   |
|---:|:-------|:--------------------------------------------------------------------------------------------------------------------------------------------------------------------------------------------------------------------------------------------------------------------------------|:-----------------------------------------------------------------------------------------------------------------------------------------------------------------------------------------------------------------------------------------------------|:-------------------------------------------------------------|:---------------------------------------------------------------------|:-------|---------:|:-----------|:--------------|
|  0 | MAXIMA | <img src="https://cdn.barbora.lt/products/a1dda9b4-1afd-4589-b2eb-27ad1ee9e5ba_s.png" width=100 height=60 />                                                                                                                                                                    | <a href="https://barbora.lt/produktai/avieciu-uogiene-skanove-900-g"><table width="100"><td> Aviečių uogienė SKANOVĖ, 900 g </td></table></a>                                                                                                        | 5.19€                                                        | 5.77€/kg                                                             |        |    0.899 | 2025-09-02 | nan           |
|  1 | RIMI   | <img src="https://rimibaltic-res.cloudinary.com/image/upload/b_white,c_limit,dpr_auto,f_auto,q_auto:low,w_auto/d_ecommerce:backend-fallback.png/MAT_164482_PCE_LT" width=100 height=60 />                                                                                       | <a href="https://www.rimi.lt/e-parduotuve/lt/produktai/bakaleja/konservuotas-maistas/uogienes-dzemai-ir-tyres/avieciu-uogiene-kedainiu-konservai-430-g/p/164482"><table width="100"><td> Aviečių uogienė KĖDAINIŲ KONSERVAI, 430 g </td></table></a> | <div><strong>2.89€</strong></div><div><del>3.89€</del></div> | <div><strong>6.72€/kg</strong></div><div><del>9.05€/kg</del></div>   | -25.7% |    0.43  | 2025-09-02 | 2025-09-08    |
|  2 | RIMI   | <img src="https://rimibaltic-res.cloudinary.com/image/upload/b_white,c_limit,dpr_auto,f_auto,q_auto:low,w_auto/d_ecommerce:backend-fallback.png/MAT_156329_PCE_LT" width=100 height=60 />                                                                                       | <a href="https://www.rimi.lt/e-parduotuve/lt/produktai/bakaleja/konservuotas-maistas/uogienes-dzemai-ir-tyres/avieciu-uogiene-pure-420-g/p/156329"><table width="100"><td> Aviečių uogienė PŪRE, 420 g </td></table></a>                             | 3.29€                                                        | 7.83€/kg                                                             |        |    0.42  | 2025-09-02 | nan           |
|  3 | MAXIMA | <img src="https://cdn.barbora.lt/products/e42cf8fe-b249-4635-9652-9e9e54014806_s.png" width=100 height=60 />                                                                                                                                                                    | <a href="https://barbora.lt/produktai/avieciu-uogiene-well-done-350-g"><table width="100"><td> Aviečių uogienė WELL DONE, 350 g </td></table></a>                                                                                                    | 2.89€                                                        | 8.26€/kg                                                             |        |    0.35  | 2025-09-02 | nan           |
|  4 | IKI    | <img src="https://firebasestorage.googleapis.com/v0/b/lastmile-ui/o/import%2Fphotos%2Fconverted%2Fproduct%2FphotoUrl%2FOiGzdqIuls86njWsPYmw_U262U07_uF3DptJQvjXHqmno4Mal_gPApktxoUgwtthUtwOo6.webp?alt=media&token=c074163e-a604-4bc0-b3c4-396e514d9a17" width=100 height=60 /> | <a href="https://www.lastmile.lt/chain/PROMO-CashandCarry/product/Avieciu-uogiene-PURE-900-g-U262U07"><table width="100"><td> Aviečių uogienė PURE, 900 g </td></table></a>                                                                          | 7.74€                                                        | 8.6€/kg                                                              |        |    0.9   | 2025-09-02 | nan           |
|  5 | IKI    | <img src="https://storage.googleapis.com/download/storage/v1/b/lastmile-ui/o/import%2Fphotos%2Fconverted%2Fproduct%2FCvKfTzV4TN5U8BTMF1Hl_bwXyGqZQy7z67RoPT8rb_CvKfTzV4TN5U8BTMF1Hl_webpConverter_1_big.webp?generation=1698237548111980&alt=media" width=100 height=60 />      | <a href="https://www.lastmile.lt/chain/IKI/product/Kedainiu-avieciu-uogiene-430-g-240633"><table width="100"><td> Kėdainių aviečių uogienė, 430 g </td></table></a>                                                                                  | 3.99€                                                        | 9.28€/kg                                                             |        |    0.64  | 2025-09-02 | nan           |
|  6 | IKI    | <img src="https://firebasestorage.googleapis.com/v0/b/lastmile-ui/o/import%2Fphotos%2Fconverted%2Fproduct%2FphotoUrl%2FOiGzdqIuls86njWsPYmw_V26P778_uF3DptJQvjXHqmno4Mal_mGXuPiCUhvf2UKrrSfiJ.webp?alt=media&token=f6eda434-6c59-487f-a786-a6076f20c162" width=100 height=60 /> | <a href="https://www.lastmile.lt/chain/PROMO-CashandCarry/product/MOCIUTES-avieciu-uogiene-600-g-V26P778"><table width="100"><td> MOČIUTĖS aviečių uogienė, 600 g </td></table></a>                                                                  | 5.75€                                                        | 9.58€/kg                                                             |        |    0.6   | 2025-09-02 | nan           |
|  7 | IKI    | <img src="https://storage.googleapis.com/download/storage/v1/b/lastmile-ui/o/import%2Fphotos%2Fconverted%2Fproduct%2FeUay0D521MNY2IEEecl4_jXnspr4xL4KPNTF2uwhj_eUay0D521MNY2IEEecl4_webpConverter_1_big.webp?generation=1698238151076651&alt=media" width=100 height=60 />      | <a href="https://www.lastmile.lt/chain/GERU-MINCIU-uKIS/product/Tradicine-avieciu-uogiene-230-g-UO"><table width="100"><td> Tradicinė aviečių uogienė, 230 g </td></table></a>                                                                       | 3.99€                                                        | 9.97€/kg                                                             |        |    0.4   | 2025-09-02 | 2024-01-31    |
|  8 | RIMI   | <img src="https://rimibaltic-res.cloudinary.com/image/upload/b_white,c_limit,dpr_auto,f_auto,q_auto:low,w_auto/d_ecommerce:backend-fallback.png/MAT_182128_PCE_LT" width=100 height=60 />                                                                                       | <a href="https://www.rimi.lt/e-parduotuve/lt/produktai/bakaleja/konservuotas-maistas/uogienes-dzemai-ir-tyres/avieciu-uogiene-spilva-380-g/p/182128"><table width="100"><td> Aviečių uogienė SPILVA, 380 g </td></table></a>                         | 3.89€                                                        | 10.24€/kg                                                            |        |    0.38  | 2025-09-02 | nan           |
|  9 | IKI    | <img src="https://firebasestorage.googleapis.com/v0/b/lastmile-ui/o/import%2Fphotos%2Fconverted%2Fproduct%2FphotoUrl%2FOiGzdqIuls86njWsPYmw_V26P42H_uF3DptJQvjXHqmno4Mal_7QJsgMpBcFM3RvXnZ05W.webp?alt=media&token=0c1427c2-9d49-47db-8db6-b86f30a8615e" width=100 height=60 /> | <a href="https://www.lastmile.lt/chain/PROMO-CashandCarry/product/Avieciu-uogiene-KEDAINIU-430-g-V26P42H"><table width="100"><td> Aviečių uogienė KĖDAINIŲ, 430 g </td></table></a>                                                                  | 4.67€                                                        | 10.86€/kg                                                            |        |    0.43  | 2025-09-02 | nan           |
| 10 | IKI    | <img src="https://firebasestorage.googleapis.com/v0/b/lastmile-ui/o/import%2Fphotos%2Fconverted%2Fproduct%2FphotoUrl%2FOiGzdqIuls86njWsPYmw_V26P818_uF3DptJQvjXHqmno4Mal_vXTM7QyDa3CxrP6OPKDe.webp?alt=media&token=3f64004f-2d45-4153-a211-c0777227f7db" width=100 height=60 /> | <a href="https://www.lastmile.lt/chain/PROMO-CashandCarry/product/Avieciu-uogiene-VILROKA-12-kg-V26P818"><table width="100"><td> Aviečių uogienė VILROKA, 1,2 kg </td></table></a>                                                                   | <div><strong>7.67€</strong></div><div><del>8.51€</del></div> | <div><strong>15.34€/kg</strong></div><div><del>17.02€/kg</del></div> | -9.9%  |    0.5   | 2025-09-02 | 2025-09-30    |
## Džiovinti krapai
|    | shop   | image                                                                                                                                                                                                                                                                                   | title                                                                                                                                                                                                                                    | price                                                        | price_per                                                          | off    |   weight | date       | valid_until   |
|---:|:-------|:----------------------------------------------------------------------------------------------------------------------------------------------------------------------------------------------------------------------------------------------------------------------------------------|:-----------------------------------------------------------------------------------------------------------------------------------------------------------------------------------------------------------------------------------------|:-------------------------------------------------------------|:-------------------------------------------------------------------|:-------|---------:|:-----------|:--------------|
|  0 | IKI    | <img src="https://firebasestorage.googleapis.com/v0/b/lastmile-ui/o/import%2Fphotos%2Fconverted%2Fproduct%2FphotoUrl%2FOiGzdqIuls86njWsPYmw_V3125E3_Pos12xpkYpPSKaVDW3jqu7xnlg23_rzkhgKFqEg0ZBunO0MGb.webp?alt=media&token=59de1eb8-bde5-48cd-a861-6e6331c65565" width=100 height=60 /> | <a href="https://www.lastmile.lt/chain/PROMO-CashandCarry/product/Dziovinti-krapai-100-g-V3125E3"><table width="100"><td> Džiovinti krapai, 100 g </td></table></a>                                                                      | <div><strong>0.72€</strong></div><div><del>0.86€</del></div> | <div><strong>1.44€/kg</strong></div><div><del>1.72€/kg</del></div> | -16.3% |    0.5   | 2025-09-02 | 2025-09-02    |
|  1 | IKI    | <img src="https://firebasestorage.googleapis.com/v0/b/lastmile-ui/o/import%2Fphotos%2Fconverted%2Fproduct%2FphotoUrl%2FOiGzdqIuls86njWsPYmw_V3641EY_Pos12xpkYpPSKaVDW3jqu7xnlg23_Dis0euCkc9OmVMaXcEBL.webp?alt=media&token=728fd6c7-7486-4be8-8041-1cce324c9e75" width=100 height=60 /> | <a href="https://www.lastmile.lt/chain/PROMO-CashandCarry/product/Dziovinti-krapai-500-g-V3641EY"><table width="100"><td> Džiovinti krapai, 500 g </td></table></a>                                                                      | 3.44€                                                        | 6.88€/kg                                                           |        |    0.5   | 2025-09-02 | nan           |
|  2 | MAXIMA | <img src="https://cdn.barbora.lt/products/970d068f-9e89-43b8-89f2-acd969cb19c4_s.png" width=100 height=60 />                                                                                                                                                                            | <a href="https://barbora.lt/produktai/krapai-well-done-30-g"><table width="100"><td> Krapai WELL DONE, 30 g </td></table></a>                                                                                                            | 0.99€                                                        | 33.0€/kg                                                           |        |    0.03  | 2025-09-02 | nan           |
|  3 | MAXIMA | <img src="https://cdn.barbora.lt/products/c8397efc-807a-4eab-9abb-cceec914a8ed_s.png" width=100 height=60 />                                                                                                                                                                            | <a href="https://barbora.lt/produktai/dziovinti-krapai-sauda-15-g"><table width="100"><td> Džiovinti krapai SAUDA, 15 g </td></table></a>                                                                                                | 0.55€                                                        | 36.67€/kg                                                          |        |    0.015 | 2025-09-02 | nan           |
|  4 | RIMI   | <img src="https://rimibaltic-res.cloudinary.com/image/upload/b_white,c_limit,dpr_auto,f_auto,q_auto:low,w_auto/d_ecommerce:backend-fallback.png/MAT_1005611_PCE_LT" width=100 height=60 />                                                                                              | <a href="https://www.rimi.lt/e-parduotuve/lt/produktai/bakaleja/prieskoniai/prieskoniai-ir-zoleles/krapu-virsuneles-taste-from-garden-30-g/p/1005611"><table width="100"><td> Krapų viršūnėlės TASTE FROM GARDEN, 30 g </td></table></a> | 1.25€                                                        | 41.67€/kg                                                          |        |    0.03  | 2025-09-02 | nan           |
## Svogūnų laiškai
|    | shop   | image                                                                                                                                                                                                                                                                                  | title                                                                                                                                                                                                                                               | price   | price_per   | off   |   weight | date       |   valid_until |
|---:|:-------|:---------------------------------------------------------------------------------------------------------------------------------------------------------------------------------------------------------------------------------------------------------------------------------------|:----------------------------------------------------------------------------------------------------------------------------------------------------------------------------------------------------------------------------------------------------|:--------|:------------|:------|---------:|:-----------|--------------:|
|  0 | IKI    | <img src="https://firebasestorage.googleapis.com/v0/b/lastmile-ui/o/import%2Fphotos%2Fconverted%2Fproduct%2FphotoUrl%2FCvKfTzV4TN5U8BTMF1Hl_289253_OrXUvGAuc2NCJDRvzNOTXOM3rsp1_LnIL039d1mn5FPY6xPrr.webp?alt=media&token=5d55e2a8-5bbf-4572-9725-ed256841d05f" width=100 height=60 /> | <a href="https://www.lastmile.lt/chain/IKI/product/Svogunu-laiskai-289253"><table width="100"><td> Svogūnų laiškai </td></table></a>                                                                                                                | 8.99€   | 8.99€/kg    |       |     1    | 2025-09-02 |           nan |
|  1 | IKI    | <img src="https://firebasestorage.googleapis.com/v0/b/lastmile-ui/o/import%2Fphotos%2Fconverted%2Fproduct%2FphotoUrl%2FCvKfTzV4TN5U8BTMF1Hl_2674_W5RvAbpnRicygag1V4nopPhtD8z2_mfVpkAqMTT4gN65oTmLh.webp?alt=media&token=87b1d0fc-4c1b-4ed6-b724-29f34f5546ba" width=100 height=60 />   | <a href="https://www.lastmile.lt/chain/IKI/product/Svogunu-laiskai-100-g-2674"><table width="100"><td> Svogūnų laiškai, 100 g </td></table></a>                                                                                                     | 1.59€   | 15.9€/kg    |       |     0.1  | 2025-09-02 |           nan |
|  2 | MAXIMA | <img src="https://cdn.barbora.lt/products/f3385496-6867-4208-af2f-f1499b0defed_s.png" width=100 height=60 />                                                                                                                                                                           | <a href="https://barbora.lt/produktai/svogunu-laiskai-linkejimai-is-kaimo-fasuoti-100-g"><table width="100"><td> Svogūnų laiškai LINKĖJIMAI IŠ KAIMO (fasuoti), 100 g </td></table></a>                                                             | 1.59€   | 15.9€/kg    |       |     0.1  | 2025-09-02 |           nan |
|  3 | RIMI   | <img src="https://rimibaltic-res.cloudinary.com/image/upload/b_white,c_limit,dpr_auto,f_auto,q_auto:low,w_auto/d_ecommerce:backend-fallback.png/MAT_950571_PCE_LT" width=100 height=60 />                                                                                              | <a href="https://www.rimi.lt/e-parduotuve/lt/produktai/vaisiai-darzoves-ir-geles/darzoves-ir-grybai/prieskonines-darzoves-ir-zoleles/fasuoti-svogunu-laiskai-50-g/p/950571"><table width="100"><td> Fasuoti svogūnų laiškai, 50 g </td></table></a> | 0.99€   | 19.8€/kg    |       |     0.05 | 2025-09-02 |           nan |
|  4 | IKI    | <img src="https://storage.googleapis.com/download/storage/v1/b/lastmile-ui/o/import%2Fphotos%2Fconverted%2Fproduct%2FCvKfTzV4TN5U8BTMF1Hl_gLX4c2kj8cUboXcgV1jX_CvKfTzV4TN5U8BTMF1Hl_webpConverter_1_big.webp?generation=1698237895405070&alt=media" width=100 height=60 />             | <a href="https://www.lastmile.lt/chain/IKI/product/Zalumynu-rinkinys-70-g-53953"><table width="100"><td> Žalumynų rinkinys, 70 g </td></table></a>                                                                                                  | 1.59€   | 22.71€/kg   |       |     0.07 | 2025-09-02 |           nan |
|  5 | MAXIMA | <img src="https://cdn.barbora.lt/products/b585aafd-be06-41b9-979d-567d194492df_s.png" width=100 height=60 />                                                                                                                                                                           | <a href="https://barbora.lt/produktai/zalumynu-rinkinys-svogunu-laiskai-ir-krapai-1-vnt"><table width="100"><td> Žalumynų rinkinys: svogūnų laiškai ir krapai, 1 vnt. </td></table></a>                                                             | 1.59€   | 22.71€/kg   |       |     0.07 | 2025-09-02 |           nan |
## Avižų gėrimas
|    | shop   | image                                                                                                                                                                                                                                                                                  | title                                                                                                                                                                                                                                                                 | price                                                        | price_per                                                        | off    |   weight | date       | valid_until   |
|---:|:-------|:---------------------------------------------------------------------------------------------------------------------------------------------------------------------------------------------------------------------------------------------------------------------------------------|:----------------------------------------------------------------------------------------------------------------------------------------------------------------------------------------------------------------------------------------------------------------------|:-------------------------------------------------------------|:-----------------------------------------------------------------|:-------|---------:|:-----------|:--------------|
|  0 | MAXIMA | <img src="https://cdn.barbora.lt/products/1343ee5f-3173-4f2e-b82a-a2a9e9d108dc_s.png" width=100 height=60 />                                                                                                                                                                           | <a href="https://barbora.lt/produktai/avizu-gerimas-farm-milk-1-l"><table width="100"><td> Avižų gėrimas FARM MILK, 1 l </td></table></a>                                                                                                                             | 1.59€                                                        | 1.59€/l                                                          |        |     1    | 2025-09-02 | nan           |
|  1 | RIMI   | <img src="https://rimibaltic-res.cloudinary.com/image/upload/b_white,c_limit,dpr_auto,f_auto,q_auto:low,w_auto/d_ecommerce:backend-fallback.png/MAT_812023_PCE_LT" width=100 height=60 />                                                                                              | <a href="https://www.rimi.lt/e-parduotuve/lt/produktai/augaliniai-produktai/augaliniai-gerimai/augaliniai-gerimai/avizu-gerimas-ica-1l/p/812023"><table width="100"><td> Avižų gėrimas ICA, 1l </td></table></a>                                                      | 1.69€                                                        | 1.69€/l                                                          |        |     1    | 2025-09-02 | nan           |
|  2 | IKI    | <img src="https://firebasestorage.googleapis.com/v0/b/lastmile-ui/o/import%2Fphotos%2Fconverted%2Fproduct%2FphotoUrl%2FCvKfTzV4TN5U8BTMF1Hl_275941_uF3DptJQvjXHqmno4Mal_xhc0l2dvvEoy4zSCvRsB.webp?alt=media&token=06047897-e8d5-4d0a-97d0-9df56cafca1b" width=100 height=60 />         | <a href="https://www.lastmile.lt/chain/IKI/product/Ekologiskas-avizu-gerimas-MARGE-1-l-275941"><table width="100"><td> Ekologiškas avižų gėrimas MARGĖ, 1 l </td></table></a>                                                                                         | 2.29€                                                        | 2.29€/l                                                          |        |     1.04 | 2025-09-02 | nan           |
|  3 | RIMI   | <img src="https://rimibaltic-res.cloudinary.com/image/upload/b_white,c_limit,dpr_auto,f_auto,q_auto:low,w_auto/d_ecommerce:backend-fallback.png/MAT_1019843_PCE_LT" width=100 height=60 />                                                                                             | <a href="https://www.rimi.lt/e-parduotuve/lt/produktai/augaliniai-produktai/augaliniai-gerimai/augaliniai-kavos-gerimai/avizu-ir-braskiu---ban-sulciu-ger-cido-1-l/p/1019843"><table width="100"><td> Avižų ir braškių - ban. sulčių gėr. CIDO, 1 l </td></table></a> | 2.29€                                                        | 2.29€/l                                                          |        |     1    | 2025-09-02 | nan           |
|  4 | MAXIMA | <img src="https://cdn.barbora.lt/products/9569cb96-d508-4a33-9e39-5705a080197d_s.png" width=100 height=60 />                                                                                                                                                                           | <a href="https://barbora.lt/produktai/avizu-gerimas-naturli-1-l"><table width="100"><td> Avižų gėrimas NATURLI', 1 l </td></table></a>                                                                                                                                | <div><strong>2.49€</strong></div><div><del>2.99€</del></div> | <div><strong>2.49€/l</strong></div><div><del>2.99€/l</del></div> | -16.7% |     1    | 2025-09-02 | 2025-09-08    |
|  5 | MAXIMA | <img src="https://cdn.barbora.lt/products/939fbc21-08ee-4e96-82b1-cb1fc041ffa6_s.png" width=100 height=60 />                                                                                                                                                                           | <a href="https://barbora.lt/produktai/ekologiskas-avizu-gerimas-be-pridetinio-cukraus-well-done-1-l"><table width="100"><td> Ekologiškas avižų gėrimas be pridėtinio cukraus WELL DONE, 1 l </td></table></a>                                                         | 2.49€                                                        | 2.49€/l                                                          |        |     1    | 2025-09-02 | nan           |
|  6 | IKI    | <img src="https://firebasestorage.googleapis.com/v0/b/lastmile-ui/o/import%2Fphotos%2Fconverted%2Fproduct%2FphotoUrl%2FCvKfTzV4TN5U8BTMF1Hl_241218_Y5wHCakiRVc8Kf1fJt96vh8Tr2I2_56qD5BdVA8OLT8tUUFom.webp?alt=media&token=ba7023f7-716c-4ee3-b64b-a7874dababae" width=100 height=60 /> | <a href="https://www.lastmile.lt/chain/IKI/product/Avizu-gerimas-ALPRO-1l-241218"><table width="100"><td> Avižų gėrimas ALPRO, 1l </td></table></a>                                                                                                                   | <div><strong>2.63€</strong></div><div><del>3.29€</del></div> | <div><strong>2.63€/l</strong></div><div><del>3.29€/l</del></div> | -20.1% |     1.06 | 2025-09-02 | 2025-09-07    |
|  7 | RIMI   | <img src="https://rimibaltic-res.cloudinary.com/image/upload/b_white,c_limit,dpr_auto,f_auto,q_auto:low,w_auto/d_ecommerce:backend-fallback.png/MAT_4000826_PCE_LT" width=100 height=60 />                                                                                             | <a href="https://www.rimi.lt/e-parduotuve/lt/produktai/augaliniai-produktai/augaliniai-gerimai/augaliniai-gerimai/avizu-gerimas-yook-barista-1-l/p/4000826"><table width="100"><td> Avižų gėrimas YOOK  BARISTA, 1 l </td></table></a>                                | 2.89€                                                        | 2.89€/l                                                          |        |     1    | 2025-09-02 | nan           |
|  8 | RIMI   | <img src="https://rimibaltic-res.cloudinary.com/image/upload/b_white,c_limit,dpr_auto,f_auto,q_auto:low,w_auto/d_ecommerce:backend-fallback.png/MAT_968463_PCE_LT" width=100 height=60 />                                                                                              | <a href="https://www.rimi.lt/e-parduotuve/lt/produktai/augaliniai-produktai/augaliniai-gerimai/augaliniai-gerimai/augalinis-avizu-gerimas-valsoia-1-l/p/968463"><table width="100"><td> Augalinis avižų gėrimas VALSOIA, 1 l </td></table></a>                        | 2.89€                                                        | 2.89€/l                                                          |        |     1    | 2025-09-02 | nan           |
|  9 | RIMI   | <img src="https://rimibaltic-res.cloudinary.com/image/upload/b_white,c_limit,dpr_auto,f_auto,q_auto:low,w_auto/d_ecommerce:backend-fallback.png/MAT_994218_PCE_LT" width=100 height=60 />                                                                                              | <a href="https://www.rimi.lt/e-parduotuve/lt/produktai/augaliniai-produktai/augaliniai-gerimai/augaliniai-gerimai/avizu-gerimas-tere-deary-barista-1-l/p/994218"><table width="100"><td> Avižų gėrimas TERE DEARY Barista, 1 l </td></table></a>                      | 2.89€                                                        | 2.89€/l                                                          |        |     1    | 2025-09-02 | nan           |
| 10 | IKI    | <img src="https://firebasestorage.googleapis.com/v0/b/lastmile-ui/o/import%2Fphotos%2Fconverted%2Fproduct%2FphotoUrl%2FCvKfTzV4TN5U8BTMF1Hl_247793_OrXUvGAuc2NCJDRvzNOTXOM3rsp1_uQj49m6ok1YN5o4NDZmr.webp?alt=media&token=d3e8f736-a9f0-4d7d-9630-4a09876c3aec" width=100 height=60 /> | <a href="https://www.lastmile.lt/chain/IKI/product/Avizu-augalinis-gerimas-su-kalciu-ir-vitaminais-VALSOIA-1-l-247793"><table width="100"><td> Avižų augalinis gėrimas su kalciu ir vitaminais VALSOIA, 1 l </td></table></a>                                         | 2.99€                                                        | 2.99€/l                                                          |        |     1.04 | 2025-09-02 | nan           |
| 11 | RIMI   | <img src="https://rimibaltic-res.cloudinary.com/image/upload/b_white,c_limit,dpr_auto,f_auto,q_auto:low,w_auto/d_ecommerce:backend-fallback.png/MAT_993125_PCE_LT" width=100 height=60 />                                                                                              | <a href="https://www.rimi.lt/e-parduotuve/lt/produktai/augaliniai-produktai/augaliniai-gerimai/augaliniai-gerimai/ekologiskas-avizu-gerimas-oatly-1-l/p/993125"><table width="100"><td> Ekologiškas avižų gėrimas OATLY, 1 l </td></table></a>                        | 2.99€                                                        | 2.99€/l                                                          |        |     1    | 2025-09-02 | nan           |
| 12 | MAXIMA | <img src="https://cdn.barbora.lt/products/d1351cd6-d405-4284-9280-03d7e2b2d942_s.png" width=100 height=60 />                                                                                                                                                                           | <a href="https://barbora.lt/produktai/avizu-gerimas-alpro-1-l"><table width="100"><td> Avižų gėrimas ALPRO, 1 l </td></table></a>                                                                                                                                     | 3.19€                                                        | 3.19€/l                                                          |        |     1    | 2025-09-02 | nan           |
| 13 | MAXIMA | <img src="https://cdn.barbora.lt/products/d6ce8ac8-3793-414d-96e4-b25350fbfde9_s.png" width=100 height=60 />                                                                                                                                                                           | <a href="https://barbora.lt/produktai/avizu-gerimas-alpro-barista-1-l"><table width="100"><td> Avižų gėrimas ALPRO BARISTA, 1 l </td></table></a>                                                                                                                     | 3.69€                                                        | 3.69€/l                                                          |        |     1    | 2025-09-02 | nan           |
## Bananai
|    | shop   | image                                                                                                                                                                                                                                                                                  | title                                                                                                                                                                                                                    | price                                                        | price_per                                                          | off    |   weight | date       | valid_until   |
|---:|:-------|:---------------------------------------------------------------------------------------------------------------------------------------------------------------------------------------------------------------------------------------------------------------------------------------|:-------------------------------------------------------------------------------------------------------------------------------------------------------------------------------------------------------------------------|:-------------------------------------------------------------|:-------------------------------------------------------------------|:-------|---------:|:-----------|:--------------|
|  0 | IKI    | <img src="https://firebasestorage.googleapis.com/v0/b/lastmile-ui/o/import%2Fphotos%2Fconverted%2Fproduct%2FphotoUrl%2FCvKfTzV4TN5U8BTMF1Hl_287376_OrXUvGAuc2NCJDRvzNOTXOM3rsp1_aBXvYpmpuirf5UZ4Hfbr.webp?alt=media&token=ae6758e6-b7fb-40c8-977c-b4cd0ed84b55" width=100 height=60 /> | <a href="https://www.lastmile.lt/chain/IKI/product/Bananai-BON-VIA-287376"><table width="100"><td> Bananai BON VIA </td></table></a>                                                                                     | <div><strong>0.99€</strong></div><div><del>1.39€</del></div> | <div><strong>0.99€/kg</strong></div><div><del>1.39€/kg</del></div> | -28.8% |        1 | 2025-09-02 | 2025-09-07    |
|  1 | MAXIMA | <img src="https://cdn.barbora.lt/products/1d747537-6760-4098-ab24-8c658d1f9491_s.png" width=100 height=60 />                                                                                                                                                                           | <a href="https://barbora.lt/produktai/bananai-1-kg"><table width="100"><td> Bananai, nuo 20 cm, 1 kg </td></table></a>                                                                                                   | 1.39€                                                        | 1.39€/kg                                                           |        |        1 | 2025-09-02 | nan           |
|  2 | RIMI   | <img src="https://rimibaltic-res.cloudinary.com/image/upload/b_white,c_limit,dpr_auto,f_auto,q_auto:low,w_auto/d_ecommerce:backend-fallback.png/MAT_270939_KGM_LT" width=100 height=60 />                                                                                              | <a href="https://www.rimi.lt/e-parduotuve/lt/produktai/vaisiai-darzoves-ir-geles/vaisiai-ir-uogos/bananai/bananai-cavendish-20-cm-1kg/p/270939"><table width="100"><td> Bananai Cavendish, 20+cm , 1kg </td></table></a> | 1.39€                                                        | 1.39€/kg                                                           |        |        1 | 2025-09-02 | nan           |
## Ridikėliai
|    | shop   | image                                                                                                                                                                                                                                                                                  | title                                                                                                                                                                                                                       | price                                                        | price_per                                                          | off    |   weight | date       | valid_until   |
|---:|:-------|:---------------------------------------------------------------------------------------------------------------------------------------------------------------------------------------------------------------------------------------------------------------------------------------|:----------------------------------------------------------------------------------------------------------------------------------------------------------------------------------------------------------------------------|:-------------------------------------------------------------|:-------------------------------------------------------------------|:-------|---------:|:-----------|:--------------|
|  0 | RIMI   | <img src="https://rimibaltic-res.cloudinary.com/image/upload/b_white,c_limit,dpr_auto,f_auto,q_auto:low,w_auto/d_ecommerce:backend-fallback.png/MAT_997068_PCE_LT" width=100 height=60 />                                                                                              | <a href="https://www.rimi.lt/e-parduotuve/lt/produktai/vaisiai-darzoves-ir-geles/darzoves-ir-grybai/burokeliai-ir-kiti-sakniavaisiai/ridikeliai-300-g/p/997068"><table width="100"><td> Ridikėliai, 300 g </td></table></a> | <div><strong>0.79€</strong></div><div><del>1.49€</del></div> | <div><strong>2.63€/kg</strong></div><div><del>4.97€/kg</del></div> | -47.0% |    0.3   | 2025-09-02 | 2025-09-08    |
|  1 | RIMI   | <img src="https://rimibaltic-res.cloudinary.com/image/upload/b_white,c_limit,dpr_auto,f_auto,q_auto:low,w_auto/d_ecommerce:backend-fallback.png/MAT_200640_PCE_LT" width=100 height=60 />                                                                                              | <a href="https://www.rimi.lt/e-parduotuve/lt/produktai/vaisiai-darzoves-ir-geles/darzoves-ir-grybai/burokeliai-ir-kiti-sakniavaisiai/ridikeliai-125-g/p/200640"><table width="100"><td> Ridikėliai, 125 g </td></table></a> | 0.62€                                                        | 4.96€/kg                                                           |        |    0.125 | 2025-09-02 | nan           |
|  2 | IKI    | <img src="https://firebasestorage.googleapis.com/v0/b/lastmile-ui/o/import%2Fphotos%2Fconverted%2Fproduct%2FphotoUrl%2FCvKfTzV4TN5U8BTMF1Hl_262683_W5RvAbpnRicygag1V4nopPhtD8z2_hXWcHsYalaK7pJ31wNnT.webp?alt=media&token=99ab53c6-626c-4f61-8845-85f2fd6a2695" width=100 height=60 /> | <a href="https://www.lastmile.lt/chain/IKI/product/Raudonieji-ridikeliai-IKI-300-g-262683"><table width="100"><td> Raudonieji ridikėliai IKI, 300 g </td></table></a>                                                       | 1.49€                                                        | 4.97€/kg                                                           |        |    0.33  | 2025-09-02 | nan           |
|  3 | MAXIMA | <img src="https://cdn.barbora.lt/products/db343f75-6e24-43c9-9c88-3a78fb33d8ff_s.png" width=100 height=60 />                                                                                                                                                                           | <a href="https://barbora.lt/produktai/ridikeliai-300-g"><table width="100"><td> Ridikėliai, 300 g </td></table></a>                                                                                                         | 1.49€                                                        | 4.97€/kg                                                           |        |    0.3   | 2025-09-02 | nan           |
## Skumbrė
|    | shop   | image                                                                                                                                                                                                                                                                                  | title                                                                                                                                                                                                                                                                 | price                                                        | price_per                                                          | off    |   weight | date       | valid_until   |
|---:|:-------|:---------------------------------------------------------------------------------------------------------------------------------------------------------------------------------------------------------------------------------------------------------------------------------------|:----------------------------------------------------------------------------------------------------------------------------------------------------------------------------------------------------------------------------------------------------------------------|:-------------------------------------------------------------|:-------------------------------------------------------------------|:-------|---------:|:-----------|:--------------|
|  0 | IKI    | <img src="https://firebasestorage.googleapis.com/v0/b/lastmile-ui/o/import%2Fphotos%2Fconverted%2Fproduct%2FphotoUrl%2FCvKfTzV4TN5U8BTMF1Hl_263311_OrXUvGAuc2NCJDRvzNOTXOM3rsp1_z9ThW94DO6fZoePQAj1P.webp?alt=media&token=98852631-2d3b-4dbe-8d26-0548f6f706e5" width=100 height=60 /> | <a href="https://www.lastmile.lt/chain/IKI/product/IKI-Karstai-rukyta-atlantine-skumbre-isdarineta-be-galvos-263311"><table width="100"><td> IKI Karštai rūkyta atlantinė skumbrė išdarinėta be galvos  </td></table></a>                                             | <div><strong>6.99€</strong></div><div><del>7.99€</del></div> | <div><strong>6.99€/kg</strong></div><div><del>7.99€/kg</del></div> | -12.5% |        1 | 2025-09-02 | 2025-09-07    |
|  1 | RIMI   | <img src="https://rimibaltic-res.cloudinary.com/image/upload/b_white,c_limit,dpr_auto,f_auto,q_auto:low,w_auto/d_ecommerce:backend-fallback.png/MAT_811646_KGM_LT" width=100 height=60 />                                                                                              | <a href="https://www.rimi.lt/e-parduotuve/lt/produktai/mesa-ir-zuvis-/apdorotos-zuvies-gaminiai/karstai-ir-saltai-rukyta-zuvis/karstai-rukyta-skumbre-vakuume-rimi-1-kg/p/811646"><table width="100"><td> Karštai rūkyta skumbrė vakuume RIMI, 1 kg </td></table></a> | 7.19€                                                        | 7.19€/kg                                                           |        |        1 | 2025-09-02 | nan           |
|  2 | MAXIMA | <img src="https://cdn.barbora.lt/products/b27db418-080a-48e1-afe4-9b952e858517_s.png" width=100 height=60 />                                                                                                                                                                           | <a href="https://barbora.lt/produktai/karstai-rukytos-skumbres-ocean-isdarinetos-be-galvu-1-kg"><table width="100"><td> Karštai rūkyta skumbrė vakuume WIDE OCEAN, 1 kg </td></table></a>                                                                             | 7.49€                                                        | 7.49€/kg                                                           |        |        1 | 2025-09-02 | nan           |
## Sviestas
|    | shop   | image                                                                                                                                                                                                                                                                      | title                                                                                                                                                                                                                               | price                                                        | price_per                                                            | off    |   weight | date       | valid_until   |
|---:|:-------|:---------------------------------------------------------------------------------------------------------------------------------------------------------------------------------------------------------------------------------------------------------------------------|:------------------------------------------------------------------------------------------------------------------------------------------------------------------------------------------------------------------------------------|:-------------------------------------------------------------|:---------------------------------------------------------------------|:-------|---------:|:-----------|:--------------|
|  0 | IKI    | <img src="https://storage.googleapis.com/download/storage/v1/b/lastmile-ui/o/import%2Fphotos%2Fconverted%2Fproduct%2FCvKfTzV4TN5U8BTMF1Hl_btJNQoZFRiRuljj8Wey2_CvKfTzV4TN5U8BTMF1Hl_webpConverter_1_big.webp?generation=1698237551888254&alt=media" width=100 height=60 /> | <a href="https://www.lastmile.lt/chain/IKI/product/Sviestas-82percent-rieb-CLEVER-180-g-252443"><table width="100"><td> Sviestas 82% rieb. CLEVER, 180 g </td></table></a>                                                          | 1.58€                                                        | 8.78€/kg                                                             |        |     0.21 | 2025-09-02 | nan           |
|  1 | MAXIMA | <img src="https://cdn.barbora.lt/products/e7a895ed-a5fd-482c-aac8-0157ab476ee9_s.png" width=100 height=60 />                                                                                                                                                               | <a href="https://barbora.lt/produktai/sviestas-farm-milk-82-proc-rieb-180-g"><table width="100"><td> Sviestas FARM MILK, 82 % rieb., 180 g </td></table></a>                                                                        | 1.58€                                                        | 8.78€/kg                                                             |        |     0.18 | 2025-09-02 | nan           |
|  2 | RIMI   | <img src="https://rimibaltic-res.cloudinary.com/image/upload/b_white,c_limit,dpr_auto,f_auto,q_auto:low,w_auto/d_ecommerce:backend-fallback.png/MAT_804046_PCE_LT" width=100 height=60 />                                                                                  | <a href="https://www.rimi.lt/e-parduotuve/lt/produktai/pieno-produktai-ir-kiausiniai/sviestas/sviestas/sviestas-rimi-smart-82-rieb-180-g/p/804046"><table width="100"><td> Sviestas RIMI SMART, 82 % rieb., 180 g </td></table></a> | 1.58€                                                        | 8.78€/kg                                                             |        |     0.18 | 2025-08-30 | nan           |
|  3 | MAXIMA | <img src="https://cdn.barbora.lt/products/fa932015-2954-4278-9750-eb1fbd430598_s.png" width=100 height=60 />                                                                                                                                                               | <a href="https://barbora.lt/produktai/rokiskio-sviestas-82-proc-rieb-200-g"><table width="100"><td> ROKIŠKIO sviestas, 82 % rieb., 200 g </td></table></a>                                                                          | <div><strong>2.29€</strong></div><div><del>2.79€</del></div> | <div><strong>11.45€/kg</strong></div><div><del>13.95€/kg</del></div> | -17.9% |     0.2  | 2025-09-02 | 2025-09-08    |
|  4 | MAXIMA | <img src="https://cdn.barbora.lt/products/0ffc49e5-4eb9-48ef-9722-ad7741236460_s.png" width=100 height=60 />                                                                                                                                                               | <a href="https://barbora.lt/produktai/sviestas-saules-pievos-82-proc-rieb-200-g"><table width="100"><td> Sviestas SAULĖS PIEVOS, 82 % rieb., 200 g </td></table></a>                                                                | 2.49€                                                        | 12.45€/kg                                                            |        |     0.2  | 2025-09-02 | nan           |
|  5 | MAXIMA | <img src="https://cdn.barbora.lt/products/c7609a96-e48c-4550-8e0e-57474a94d56a_s.png" width=100 height=60 />                                                                                                                                                               | <a href="https://barbora.lt/produktai/sviestas-be-laktozes-well-done-82-proc-rieb-200-g"><table width="100"><td> Sviestas be laktozės WELL DONE, 82 % rieb., 200 g </td></table></a>                                                | 2.49€                                                        | 12.45€/kg                                                            |        |     0.2  | 2025-09-02 | nan           |
|  6 | MAXIMA | <img src="https://cdn.barbora.lt/products/fcd7ce16-6205-40a9-966b-54c2907774b9_s.png" width=100 height=60 />                                                                                                                                                               | <a href="https://barbora.lt/produktai/sviestas-well-done-82-proc-rieb-170-g"><table width="100"><td> Sviestas WELL DONE, 82 % rieb., 170 g </td></table></a>                                                                        | 2.29€                                                        | 13.47€/kg                                                            |        |     0.17 | 2025-09-02 | nan           |
|  7 | MAXIMA | <img src="https://cdn.barbora.lt/products/c5feb930-dd9e-4d30-8a54-4f605e8d932a_s.png" width=100 height=60 />                                                                                                                                                               | <a href="https://barbora.lt/produktai/rokiskio-naminis-sviestas-82-proc-rieb-s-m-500-g"><table width="100"><td> 	ROKIŠKIO NAMINIS sviestas, 82 % rieb. s. m., 500 g </td></table></a>                                                                                                                                                                                                                                     | 6.99€                                                        | 13.98€/kg                                                            |        |     0.5  | 2025-09-02 | nan           |
|  8 | MAXIMA | <img src="https://cdn.barbora.lt/products/0b7bd46c-d6d8-4d09-9cc5-c097694a0488_s.png" width=100 height=60 />                                                                                                                                                               | <a href="https://barbora.lt/produktai/rokiskio-naminis-sviestas-82-proc-rieb-180-g"><table width="100"><td> ROKIŠKIO NAMINIS sviestas, 82 % rieb., 180 g </td></table></a>                                                          | 2.69€                                                        | 14.94€/kg                                                            |        |     0.18 | 2025-09-02 | nan           |
|  9 | MAXIMA | <img src="https://cdn.barbora.lt/products/f62b439a-2880-44cf-8c5c-2a9b8f557911_s.png" width=100 height=60 />                                                                                                                                                               | <a href="https://barbora.lt/produktai/saldzios-grietineles-dvaro-sviestas-82-proc-rieb-200-g"><table width="100"><td> Saldžios grietinėlės DVARO sviestas, 82 % rieb., 200 g </td></table></a>                                      | 2.99€                                                        | 14.95€/kg                                                            |        |     0.2  | 2025-09-02 | nan           |
| 10 | MAXIMA | <img src="https://cdn.barbora.lt/products/7804cbab-4886-4694-b4f2-6ef04a80957d_s.png" width=100 height=60 />                                                                                                                                                               | <a href="https://barbora.lt/produktai/saldzios-grietineles-zemaitijos-sviestas-82-proc-rieb-200-g"><table width="100"><td> Saldžios grietinėlės ŽEMAITIJOS sviestas, 82 % rieb., 200 g </td></table></a>                            | 2.99€                                                        | 14.95€/kg                                                            |        |     0.2  | 2025-09-02 | nan           |
| 11 | MAXIMA | <img src="https://cdn.barbora.lt/products/25a21ab0-b4c6-4a37-8ca7-b2785ab0c6ca_s.png" width=100 height=60 />                                                                                                                                                               | <a href="https://barbora.lt/produktai/sviestas-irish-dublin-dairy-82-proc-rieb-200-g"><table width="100"><td> Sviestas IRISH DUBLIN DAIRY, 82 % rieb., 200 g </td></table></a>                                                      | 3.09€                                                        | 15.45€/kg                                                            |        |     0.2  | 2025-09-02 | nan           |
| 12 | MAXIMA | <img src="https://cdn.barbora.lt/products/eb28fdd4-cfae-4eba-aede-55ac4793cfdd_s.png" width=100 height=60 />                                                                                                                                                               | <a href="https://barbora.lt/produktai/saldzios-grietineles-dvaro-sviestas-82-proc-rieb-150-g"><table width="100"><td> Saldžios grietinėlės DVARO sviestas, 82 % rieb., 150 g </td></table></a>                                      | 2.35€                                                        | 15.67€/kg                                                            |        |     0.15 | 2025-09-02 | nan           |
| 13 | MAXIMA | <img src="https://cdn.barbora.lt/products/f9099e35-1ec4-4f3d-ad4a-3124e59b6cbc_s.png" width=100 height=60 />                                                                                                                                                               | <a href="https://barbora.lt/produktai/smetoniskas-sviestas-82-proc-rieb-0-2-kg"><table width="100"><td> SMETONIŠKAS sviestas, 82 % rieb., 0.2 kg </td></table></a>                                                                  | 3.19€                                                        | 15.95€/kg                                                            |        |     0.2  | 2025-09-02 | nan           |
| 14 | MAXIMA | <img src="https://cdn.barbora.lt/products/2c185174-5d6c-4602-a3b4-81a03224c397_s.png" width=100 height=60 />                                                                                                                                                               | <a href="https://barbora.lt/produktai/svelniai-sudytas-dvaro-sviestas-82-proc-rieb-200-g"><table width="100"><td> Švelniai sūdytas sviestas DVARO, 82 % rieb., 200 g </td></table></a>                                              | 3.19€                                                        | 15.95€/kg                                                            |        |     0.2  | 2025-09-02 | nan           |
## Viščiukų blauzdelės
|    | shop   | image                                                                                                                                                                                                                                                                                                        | title                                                                                                                                                                                                                                                                                                                | price                                                        | price_per                                                          | off    |   weight | date       | valid_until   |
|---:|:-------|:-------------------------------------------------------------------------------------------------------------------------------------------------------------------------------------------------------------------------------------------------------------------------------------------------------------|:---------------------------------------------------------------------------------------------------------------------------------------------------------------------------------------------------------------------------------------------------------------------------------------------------------------------|:-------------------------------------------------------------|:-------------------------------------------------------------------|:-------|---------:|:-----------|:--------------|
|  0 | MAXIMA | <img src="https://cdn.barbora.lt/products/87902a59-f768-43e7-8905-b634d65723a9_s.png" width=100 height=60 />                                                                                                                                                                                                 | <a href="https://barbora.lt/produktai/sviezios-visciuku-broileriu-blauzdeles-well-done-1-kg"><table width="100"><td> Šviežios viščiukų broilerių blauzdelės WELL DONE, 1 kg </td></table></a>                                                                                                                        | 3.29€                                                        | 3.29€/kg                                                           |        |     1    | 2025-09-02 | nan           |
|  1 | RIMI   | <img src="https://rimibaltic-res.cloudinary.com/image/upload/b_white,c_limit,dpr_auto,f_auto,q_auto:low,w_auto/d_ecommerce:backend-fallback.png/MAT_805637_KGM_LT" width=100 height=60 />                                                                                                                    | <a href="https://www.rimi.lt/e-parduotuve/lt/produktai/mesa-ir-zuvis-/sviezia-paukstiena/vistiena/visciuku-broileriu-blauzdeles-rimi-a-1kg/p/805637"><table width="100"><td> Viščiukų broilerių blauzdelės RIMI,A,1kg </td></table></a>                                                                              | 3.89€                                                        | 3.89€/kg                                                           |        |     1    | 2025-09-02 | nan           |
|  2 | MAXIMA | <img src="https://cdn.barbora.lt/products/9ad84447-5684-4d9a-86d5-7c23134c115e_s.png" width=100 height=60 />                                                                                                                                                                                                 | <a href="https://barbora.lt/produktai/sviezios-visciuku-broileriu-blauzdeles-well-done-500-g-04798"><table width="100"><td> Šviežios viščiukų broilerių blauzdelės WELL DONE, 500 g </td></table></a>                                                                                                                | <div><strong>1.99€</strong></div><div><del>2.29€</del></div> | <div><strong>3.98€/kg</strong></div><div><del>4.58€/kg</del></div> | -13.1% |     0.5  | 2025-09-02 | 2025-09-08    |
|  3 | IKI    | <img src="https://firebasestorage.googleapis.com/v0/b/lastmile-ui/o/import%2Fphotos%2Fconverted%2Fproduct%2FphotoUrl%2FCvKfTzV4TN5U8BTMF1Hl_287406_OrXUvGAuc2NCJDRvzNOTXOM3rsp1_ajGXcnmYmAkeCHftUiM8.webp?alt=media&token=c31a4b45-1de2-4bd6-b175-359233bec7c6" width=100 height=60 />                       | <a href="https://www.lastmile.lt/chain/IKI/product/Visciuku-broileriu-blauzdeles-CLEVER-287406"><table width="100"><td> Viščiukų broilerių blauzdelės CLEVER </td></table></a>                                                                                                                                       | 3.99€                                                        | 3.99€/kg                                                           |        |     1.02 | 2025-09-02 | nan           |
|  4 | IKI    | <img src="https://storage.googleapis.com/download/storage/v1/b/lastmile-ui/o/import%2Fphotos%2Fconverted%2Fproduct%2FOiGzdqIuls86njWsPYmw_DxVF2HBxRVqSc2MIdxcG_OiGzdqIuls86njWsPYmw_5bf2JWMXo7aWQ7PzGf9afgfhEpG2_G3H2pTWBPJyQQqjKGsFI_big.webp?generation=1701858686390428&alt=media" width=100 height=60 /> | <a href="https://www.lastmile.lt/chain/PROMO-CashandCarry/product/Saldytos-visciuku-broileriu-blauzdeles-ROG-V519118"><table width="100"><td> Šaldytos viščiukų broilerių blauzdelės, ROG </td></table></a>                                                                                                          | 4.47€                                                        | 4.47€/kg                                                           |        |     1    | 2025-09-02 | nan           |
|  5 | MAXIMA | <img src="https://cdn.barbora.lt/products/e9c5406a-9e63-4771-b347-5771e1010016_s.png" width=100 height=60 />                                                                                                                                                                                                 | <a href="https://barbora.lt/produktai/sv-visciuku-broileriu-blauzdeles-uzauginta-be-antibiotiku-1-kg"><table width="100"><td> Šv. viščiukų broilerių blauzdelės, užauginta be antibiotikų, 1 kg </td></table></a>                                                                                                    | 4.69€                                                        | 4.69€/kg                                                           |        |     1    | 2025-09-02 | nan           |
|  6 | RIMI   | <img src="https://rimibaltic-res.cloudinary.com/image/upload/b_white,c_limit,dpr_auto,f_auto,q_auto:low,w_auto/d_ecommerce:backend-fallback.png/MAT_813094_KGM_LT" width=100 height=60 />                                                                                                                    | <a href="https://www.rimi.lt/e-parduotuve/lt/produktai/mesa-ir-zuvis-/sviezia-paukstiena/vistiena/svz-visciuku-broileriu-blauzd-be-ant-rimi-1kg/p/813094"><table width="100"><td> Švž.viščiukų broilerių blauzd.be ant.RIMI,1kg </td></table></a>                                                                    | 4.79€                                                        | 4.79€/kg                                                           |        |     1    | 2025-09-02 | nan           |
|  7 | MAXIMA | <img src="https://cdn.barbora.lt/products/ca62d055-d964-45a6-8f85-0b0b993b4893_s.png" width=100 height=60 />                                                                                                                                                                                                 | <a href="https://barbora.lt/produktai/visciuku-blauzdeles-fiesta-su-cesnakiniu-marinatu-ir-kmynais-850-g"><table width="100"><td> Viščiukų blauzdelės FIESTA su česnakiniu marinatu ir kmynais, 850 g </td></table></a>                                                                                              | 4.49€                                                        | 5.28€/kg                                                           |        |     0.85 | 2025-09-02 | nan           |
|  8 | RIMI   | <img src="https://rimibaltic-res.cloudinary.com/image/upload/b_white,c_limit,dpr_auto,f_auto,q_auto:low,w_auto/d_ecommerce:backend-fallback.png/MAT_816245_PCE_LT" width=100 height=60 />                                                                                                                    | <a href="https://www.rimi.lt/e-parduotuve/lt/produktai/mesa-ir-zuvis-/sviezia-paukstiena/vistiena/visc-br-blauzdeles-be-san-rimi-a-kl-500g/p/816245"><table width="100"><td> Višč. br. blauzdelės be sąn. RIMI, A kl. 500g </td></table></a>                                                                         | 2.69€                                                        | 5.38€/kg                                                           |        |     0.5  | 2025-09-02 | nan           |
|  9 | MAXIMA | <img src="https://cdn.barbora.lt/products/d82f0b0e-abb4-4c44-bec2-82bfbd90b831_s.png" width=100 height=60 />                                                                                                                                                                                                 | <a href="https://barbora.lt/produktai/svz-broileriu-uzaugintu-be-antibiotiku-blauzdeles-be-san-500-g"><table width="100"><td> Švž. broilerių, užaugintų be antibiotikų, blauzdelės be sąn., 500 g </td></table></a>                                                                                                  | 2.99€                                                        | 5.98€/kg                                                           |        |     0.5  | 2025-09-02 | nan           |
| 10 | IKI    | <img src="https://firebasestorage.googleapis.com/v0/b/lastmile-ui/o/import%2Fphotos%2Fconverted%2Fproduct%2FphotoUrl%2FOiGzdqIuls86njWsPYmw_V509E58_uF3DptJQvjXHqmno4Mal_9ugLyZEBroi2InuUHTDC.webp?alt=media&token=20deccfe-76f3-4d46-8d9c-ec355b00dd98" width=100 height=60 />                              | <a href="https://www.lastmile.lt/chain/PROMO-CashandCarry/product/Sviezios-visciuku-broileriu-blauzdeles-VILNIAUS-PAUKSTYNAS-be-sanario-uzauginta-be-antib-500g-V509E58"><table width="100"><td> Šviežios viščiukų broilerių blauzdelės VILNIAUS PAUKŠTYNAS, be sąnario, užauginta be antib., 500g </td></table></a> | <div><strong>3.12€</strong></div><div><del>3.59€</del></div> | <div><strong>6.24€/kg</strong></div><div><del>7.18€/kg</del></div> | -13.1% |     0.5  | 2025-09-02 | 2025-09-02    |
| 11 | IKI    | <img src="https://firebasestorage.googleapis.com/v0/b/lastmile-ui/o/import%2Fphotos%2Fconverted%2Fproduct%2FphotoUrl%2FOiGzdqIuls86njWsPYmw_V509E57_uF3DptJQvjXHqmno4Mal_8lZY1I7Tn1wWNy0m41UQ.webp?alt=media&token=96d2fd65-bb47-4905-b308-5bb194124179" width=100 height=60 />                              | <a href="https://www.lastmile.lt/chain/PROMO-CashandCarry/product/Sviezios-visciuku-broileriu-blauzdeles-VILNIAUS-PAUKSTYNAS-uzauginta-be-antibiotiku-500-g-V509E57"><table width="100"><td> Šviežios viščiukų broilerių blauzdelės VILNIAUS PAUKŠTYNAS, užauginta be antibiotikų, 500 g </td></table></a>           | 3.47€                                                        | 6.94€/kg                                                           |        |     0.5  | 2025-09-02 | nan           |
| 12 | RIMI   | <img src="https://rimibaltic-res.cloudinary.com/image/upload/b_white,c_limit,dpr_auto,f_auto,q_auto:low,w_auto/d_ecommerce:backend-fallback.png/MAT_971711_PCE_LT" width=100 height=60 />                                                                                                                    | <a href="https://www.rimi.lt/e-parduotuve/lt/produktai/mesa-ir-zuvis-/sviezia-paukstiena/vistiena/broileriu-blauzdeles-be-san-be-ant-vp-500g/p/971711"><table width="100"><td> Broilerių blauzdelės be sąn. be ant. VP, 500g </td></table></a>                                                                       | 3.49€                                                        | 6.98€/kg                                                           |        |     0.5  | 2025-09-02 | nan           |
| 13 | IKI    | <img src="https://storage.googleapis.com/download/storage/v1/b/lastmile-ui/o/import%2Fphotos%2Fconverted%2Fproduct%2FCvKfTzV4TN5U8BTMF1Hl_WysrSH1xbCZVzf1gaFqK_CvKfTzV4TN5U8BTMF1Hl_webpConverter_1_big.webp?generation=1698237172770956&alt=media" width=100 height=60 />                                   | <a href="https://www.lastmile.lt/chain/IKI/product/Sviezios-visciuku-broileriu-blauzdeles-IKI-MESA-500-g-253578"><table width="100"><td> Šviežios viščiukų broilerių blauzdelės IKI MĖSA, 500 g </td></table></a>                                                                                                    | 3.59€                                                        | 7.18€/kg                                                           |        |     0.52 | 2025-09-02 | nan           |
## Viščiukų filė
|    | shop   | image                                                                                                                                                                                                                                                                                  | title                                                                                                                                                                                                                                             | price                                                        | price_per                                                           | off    |   weight | date       | valid_until   |
|---:|:-------|:---------------------------------------------------------------------------------------------------------------------------------------------------------------------------------------------------------------------------------------------------------------------------------------|:--------------------------------------------------------------------------------------------------------------------------------------------------------------------------------------------------------------------------------------------------|:-------------------------------------------------------------|:--------------------------------------------------------------------|:-------|---------:|:-----------|:--------------|
|  0 | RIMI   | <img src="https://rimibaltic-res.cloudinary.com/image/upload/b_white,c_limit,dpr_auto,f_auto,q_auto:low,w_auto/d_ecommerce:backend-fallback.png/MAT_995822_PCE_LT" width=100 height=60 />                                                                                              | <a href="https://www.rimi.lt/e-parduotuve/lt/produktai/mesa-ir-zuvis-/sviezia-paukstiena/vistiena/sviez-visciuko-broilerio-file-be-antib-500g/p/995822"><table width="100"><td> Šviež.viščiuko broilerio filė be antib., 500g </td></table></a>   | <div><strong>3.49€</strong></div><div><del>5.99€</del></div> | <div><strong>6.98€/kg</strong></div><div><del>11.98€/kg</del></div> | -41.7% |     0.5  | 2025-09-02 | 2025-09-08    |
|  1 | MAXIMA | <img src="https://cdn.barbora.lt/products/e1f4dec3-9e42-4e84-8d0b-52f5a1a952b3_s.png" width=100 height=60 />                                                                                                                                                                           | <a href="https://barbora.lt/produktai/lietuviska-sviezia-visciuku-broileriu-file-well-done-500-g"><table width="100"><td> Lietuviška šviežia viščiukų broilerių filė WELL DONE, 500 g </td></table></a>                                           | 3.79€                                                        | 7.58€/kg                                                            |        |     0.5  | 2025-09-02 | nan           |
|  2 | RIMI   | <img src="https://rimibaltic-res.cloudinary.com/image/upload/b_white,c_limit,dpr_auto,f_auto,q_auto:low,w_auto/d_ecommerce:backend-fallback.png/MAT_813427_PCE_LT" width=100 height=60 />                                                                                              | <a href="https://www.rimi.lt/e-parduotuve/lt/produktai/mesa-ir-zuvis-/sviezia-paukstiena/vistiena/visciuku-krutineliu-file-rimi-500-g/p/813427"><table width="100"><td> Viščiukų krūtinėlių filė RIMI, 500 g </td></table></a>                    | 3.99€                                                        | 7.98€/kg                                                            |        |     0.5  | 2025-09-02 | nan           |
|  3 | RIMI   | <img src="https://rimibaltic-res.cloudinary.com/image/upload/b_white,c_limit,dpr_auto,f_auto,q_auto:low,w_auto/d_ecommerce:backend-fallback.png/MAT_813103_KGM_LT" width=100 height=60 />                                                                                              | <a href="https://www.rimi.lt/e-parduotuve/lt/produktai/mesa-ir-zuvis-/sviezia-paukstiena/vistiena/svz-visciuku-broileriu-file-be-ant-rimi-1kg/p/813103"><table width="100"><td> Švž.viščiukų broilerių filė be  ant.RIMI, 1kg </td></table></a>   | 8.49€                                                        | 8.49€/kg                                                            |        |     1    | 2025-09-02 | nan           |
|  4 | MAXIMA | <img src="https://cdn.barbora.lt/products/20d3f54e-0537-4872-9bb6-1e9fe64594a0_s.png" width=100 height=60 />                                                                                                                                                                           | <a href="https://barbora.lt/produktai/sviez-visciuku-broileriu-file-well-done-uzaug-be-antib-500-g"><table width="100"><td> Šviežia viščiukų broilerių filė be antibiotikų WELL DONE, 500 g </td></table></a>                                     | 4.79€                                                        | 9.58€/kg                                                            |        |     0.5  | 2025-09-02 | nan           |
|  5 | IKI    | <img src="https://storage.googleapis.com/download/storage/v1/b/lastmile-ui/o/import%2Fphotos%2Fconverted%2Fproduct%2FCvKfTzV4TN5U8BTMF1Hl_gJAViFyTBnA496VE7jcx_CvKfTzV4TN5U8BTMF1Hl_webpConverter_1_big.webp?generation=1698237901364749&alt=media" width=100 height=60 />             | <a href="https://www.lastmile.lt/chain/IKI/product/Sviezia-visciuku-broileriu-vidine-file-IKI-MESA-400-g-253577"><table width="100"><td> Šviežia viščiukų broilerių vidinė filė IKI MĖSA, 400 g </td></table></a>                                 | <div><strong>3.99€</strong></div><div><del>4.99€</del></div> | <div><strong>9.97€/kg</strong></div><div><del>12.47€/kg</del></div> | -20.0% |     0.42 | 2025-09-02 | 2025-09-07    |
|  6 | IKI    | <img src="https://firebasestorage.googleapis.com/v0/b/lastmile-ui/o/import%2Fphotos%2Fconverted%2Fproduct%2FphotoUrl%2FCvKfTzV4TN5U8BTMF1Hl_253573_W5RvAbpnRicygag1V4nopPhtD8z2_RXhJEW7s1hQzFAvMWvMJ.webp?alt=media&token=f2115967-3003-4938-8a36-4a7c8ef8bfc9" width=100 height=60 /> | <a href="https://www.lastmile.lt/chain/IKI/product/Sviezia-visciuku-broileriu-file-IKI-MESA-500-g-253573"><table width="100"><td> Šviežia viščiukų broilerių filė IKI MĖSA, 500 g. </td></table></a>                                              | 5.29€                                                        | 10.58€/kg                                                           |        |     0.52 | 2025-08-20 | nan           |
|  7 | MAXIMA | <img src="https://cdn.barbora.lt/products/53440a5e-918d-4ed5-b920-05fdf51b802e_s.png" width=100 height=60 />                                                                                                                                                                           | <a href="https://barbora.lt/produktai/sviezia-visciuku-broileriu-uzaugintu-be-antibiotiku-file-500-g"><table width="100"><td> Šviežia viščiukų broilerių, užaugintų be antibiotikų, filė, 500 g </td></table></a>                                 | 5.49€                                                        | 10.98€/kg                                                           |        |     0.5  | 2025-09-02 | nan           |
|  8 | RIMI   | <img src="https://rimibaltic-res.cloudinary.com/image/upload/b_white,c_limit,dpr_auto,f_auto,q_auto:low,w_auto/d_ecommerce:backend-fallback.png/MAT_971720_PCE_LT" width=100 height=60 />                                                                                              | <a href="https://www.rimi.lt/e-parduotuve/lt/produktai/mesa-ir-zuvis-/sviezia-paukstiena/vistiena/broileriu-file-gabaliukai-be-antibiotiku-500g/p/971720"><table width="100"><td> Broilerių filė gabaliukai be antibiotikų,500g </td></table></a> | 5.49€                                                        | 10.98€/kg                                                           |        |     0.5  | 2025-09-02 | nan           |
|  9 | IKI    | <img src="https://firebasestorage.googleapis.com/v0/b/lastmile-ui/o/import%2Fphotos%2Fconverted%2Fproduct%2FphotoUrl%2FCvKfTzV4TN5U8BTMF1Hl_273358_W5RvAbpnRicygag1V4nopPhtD8z2_d7YlCQ77MZkZOBmbh9C1.webp?alt=media&token=03cbed00-ffe4-4998-a134-2be21fdb6fc8" width=100 height=60 /> | <a href="https://www.lastmile.lt/chain/IKI/product/Sviezia-visciuku-broileriu-file-uzauginta-be-antibiotiku-500-g-273358"><table width="100"><td> Šviežia viščiukų broilerių filė užauginta be antibiotikų, 500 g </td></table></a>               | 5.99€                                                        | 11.98€/kg                                                           |        |     0.52 | 2025-09-02 | nan           |
| 10 | RIMI   | <img src="https://rimibaltic-res.cloudinary.com/image/upload/b_white,c_limit,dpr_auto,f_auto,q_auto:low,w_auto/d_ecommerce:backend-fallback.png/MAT_971721_PCE_LT" width=100 height=60 />                                                                                              | <a href="https://www.rimi.lt/e-parduotuve/lt/produktai/mesa-ir-zuvis-/sviezia-paukstiena/vistiena/broileriu-vidine-file-be-antibiotiku-400-g/p/971721"><table width="100"><td> Broilerių vidinė filė be antibiotikų, 400 g </td></table></a>      | 5.29€                                                        | 13.22€/kg                                                           |        |     0.4  | 2025-09-02 | nan           |
| 11 | RIMI   | <img src="https://rimibaltic-res.cloudinary.com/image/upload/b_white,c_limit,dpr_auto,f_auto,q_auto:low,w_auto/d_ecommerce:backend-fallback.png/MAT_971721_PCE_LT" width=100 height=60 />                                                                                              | <a href="https://www.rimi.lt/e-parduotuve/lt/produktai/mesa-ir-zuvis-/sviezia-paukstiena/vistiena/broileriu-vidine-file-be-antibiotiku-400-g/p/971721"><table width="100"><td> Broilerių vidinė filė be antibiotikų, 400 g </td></table></a>      | 5.29€                                                        | 13.22€/kg                                                           |        |     0.4  | 2025-09-02 | nan           |
## Šilauogės
|    | shop   | image                                                                                                                                                                                                                                                                      | title                                                                                                                                     | price                                                        | price_per                                                            | off    |   weight | date       | valid_until   |
|---:|:-------|:---------------------------------------------------------------------------------------------------------------------------------------------------------------------------------------------------------------------------------------------------------------------------|:------------------------------------------------------------------------------------------------------------------------------------------|:-------------------------------------------------------------|:---------------------------------------------------------------------|:-------|---------:|:-----------|:--------------|
|  0 | MAXIMA | <img src="https://cdn.barbora.lt/products/67c6635a-31d6-4949-b784-0e6c08dfc460_s.png" width=100 height=60 />                                                                                                                                                               | <a href="https://barbora.lt/produktai/silauoges-kibirelyje-400-g"><table width="100"><td> Šilauogės kibirėlyje, 400 g </td></table></a>   | <div><strong>3.89€</strong></div><div><del>6.99€</del></div> | <div><strong>9.73€/kg</strong></div><div><del>17.48€/kg</del></div>  | -44.3% |    0.4   | 2025-09-02 | 2025-09-08    |
|  1 | IKI    | <img src="https://storage.googleapis.com/download/storage/v1/b/lastmile-ui/o/import%2Fphotos%2Fconverted%2Fproduct%2FCvKfTzV4TN5U8BTMF1Hl_50eDYDJianuYdN8ZXZCm_CvKfTzV4TN5U8BTMF1Hl_webpConverter_1_big.webp?generation=1698231776041924&alt=media" width=100 height=60 /> | <a href="https://www.lastmile.lt/chain/IKI/product/Silauoges-500-g-254349"><table width="100"><td> Šilauogės, 500 g. </td></table></a>    | <div><strong>4.89€</strong></div><div><del>6.99€</del></div> | <div><strong>9.78€/kg</strong></div><div><del>13.98€/kg</del></div>  | -30.0% |    0.55  | 2025-09-02 | 2025-09-07    |
|  2 | IKI    | <img src="https://storage.googleapis.com/download/storage/v1/b/lastmile-ui/o/import%2Fphotos%2Fconverted%2Fproduct%2FCvKfTzV4TN5U8BTMF1Hl_M87v3K7rAKd3uXycQ3Ab_CvKfTzV4TN5U8BTMF1Hl_webpConverter_1_big.webp?generation=1698236172528921&alt=media" width=100 height=60 /> | <a href="https://www.lastmile.lt/chain/IKI/product/Silauoges-125-g-2435"><table width="100"><td> Šilauogės, 125 g </td></table></a>       | <div><strong>1.39€</strong></div><div><del>1.99€</del></div> | <div><strong>11.12€/kg</strong></div><div><del>15.92€/kg</del></div> | -30.2% |    0.13  | 2025-09-02 | 2025-09-07    |
|  3 | IKI    | <img src="https://storage.googleapis.com/download/storage/v1/b/lastmile-ui/o/import%2Fphotos%2Fconverted%2Fproduct%2FCvKfTzV4TN5U8BTMF1Hl_wUVH0V9XkLpz4pzY3IGb_CvKfTzV4TN5U8BTMF1Hl_webpConverter_1_big.webp?generation=1698240062774285&alt=media" width=100 height=60 /> | <a href="https://www.lastmile.lt/chain/IKI/product/Silauoges-250-g-72479"><table width="100"><td> Šilauogės, 250 g </td></table></a>      | <div><strong>2.79€</strong></div><div><del>3.99€</del></div> | <div><strong>11.16€/kg</strong></div><div><del>15.96€/kg</del></div> | -30.1% |    0.26  | 2025-09-02 | 2025-09-07    |
|  4 | MAXIMA | <img src="https://cdn.barbora.lt/products/cd189527-ee69-4478-a479-5f839cbcd424_s.png" width=100 height=60 />                                                                                                                                                               | <a href="https://barbora.lt/produktai/lietuviskos-silauoges-500-g"><table width="100"><td> Lietuviškos šilauogės, 500 g </td></table></a> | 5.99€                                                        | 11.98€/kg                                                            |        |    0.5   | 2025-09-02 | nan           |
|  5 | MAXIMA | <img src="https://cdn.barbora.lt/products/70d2207b-83f6-466a-a146-64a0d29a7869_s.png" width=100 height=60 />                                                                                                                                                               | <a href="https://barbora.lt/produktai/silauoges-500-g"><table width="100"><td> Šilauogės, 500 g </td></table></a>                         | 7.99€                                                        | 15.98€/kg                                                            |        |    0.5   | 2025-08-21 | nan           |
|  6 | MAXIMA | <img src="https://cdn.barbora.lt/products/941e8068-469a-4f6d-a0bd-61d23469ac1b_s.png" width=100 height=60 />                                                                                                                                                               | <a href="https://barbora.lt/produktai/silauoges-well-done-125-g"><table width="100"><td> Šilauogės WELL DONE, 125 g </td></table></a>     | 2.49€                                                        | 19.92€/kg                                                            |        |    0.125 | 2025-09-02 | nan           |
## Bulvės
|    | shop   | image                                                                                                                                                                                                                                                                      | title                                                                                                                                                                                                                                                    | price                                                        | price_per                                                          | off    |   weight | date       | valid_until   |
|---:|:-------|:---------------------------------------------------------------------------------------------------------------------------------------------------------------------------------------------------------------------------------------------------------------------------|:---------------------------------------------------------------------------------------------------------------------------------------------------------------------------------------------------------------------------------------------------------|:-------------------------------------------------------------|:-------------------------------------------------------------------|:-------|---------:|:-----------|:--------------|
|  0 | IKI    | <img src="https://storage.googleapis.com/download/storage/v1/b/lastmile-ui/o/import%2Fphotos%2Fconverted%2Fproduct%2FOiGzdqIuls86njWsPYmw_QnFxWYZXj1qwMFF37YGY_OiGzdqIuls86njWsPYmw_webpConverter_1_big.webp?generation=1698236771914248&alt=media" width=100 height=60 /> | <a href="https://www.lastmile.lt/chain/PROMO-CashandCarry/product/Sveriamos-bulves-50-70-mm-I-klase-kg-X401739"><table width="100"><td> Sveriamos bulvės, 50-70 mm, I klasė, kg </td></table></a>                                                        | <div><strong>0.57€</strong></div><div><del>0.79€</del></div> | <div><strong>0.57€/kg</strong></div><div><del>0.79€/kg</del></div> | -27.8% |        1 | 2025-09-02 | 2025-09-03    |
|  1 | IKI    | <img src="https://storage.googleapis.com/download/storage/v1/b/lastmile-ui/o/import%2Fphotos%2Fconverted%2Fproduct%2FCvKfTzV4TN5U8BTMF1Hl_zlyd0ZGFLdmyu8brBFh2_CvKfTzV4TN5U8BTMF1Hl_webpConverter_1_big.webp?generation=1698240270304026&alt=media" width=100 height=60 /> | <a href="https://www.lastmile.lt/chain/IKI/product/Sveriamos-bulves-CLEVER-255264"><table width="100"><td> Sveriamos bulvės CLEVER  </td></table></a>                                                                                                    | 0.69€                                                        | 0.69€/kg                                                           |        |        1 | 2025-09-02 | nan           |
|  2 | MAXIMA | <img src="https://cdn.barbora.lt/products/1f910506-fa6a-4ce8-947c-b0a43aeed8d9_s.png" width=100 height=60 />                                                                                                                                                               | <a href="https://barbora.lt/produktai/lietuviskos-sviezios-bulves-40-60-mm-1-kg-90335"><table width="100"><td> Lietuviškos šviežios bulvės, 40-60 mm, 1 kg </td></table></a>                                                                             | 0.75€                                                        | 0.75€/kg                                                           |        |        1 | 2025-09-02 | nan           |
|  3 | RIMI   | <img src="https://rimibaltic-res.cloudinary.com/image/upload/b_white,c_limit,dpr_auto,f_auto,q_auto:low,w_auto/d_ecommerce:backend-fallback.png/MAT_244697_KGM_LT" width=100 height=60 />                                                                                  | <a href="https://www.rimi.lt/e-parduotuve/lt/produktai/vaisiai-darzoves-ir-geles/darzoves-ir-grybai/bulves/sviezios-lietuviskos-fasuotos-bulves-45-1kg/p/244697"><table width="100"><td> Šviežios lietuviškos fasuotos bulvės 45+, 1kg </td></table></a> | 1.29€                                                        | 1.29€/kg                                                           |        |        1 | 2025-08-30 | nan           |
## Grietinė
|    | shop   | image                                                                                                                                                                                                                                                                                  | title                                                                                                                                                                                                                                              | price                                                        | price_per                                                          | off    |   weight | date       | valid_until   |
|---:|:-------|:---------------------------------------------------------------------------------------------------------------------------------------------------------------------------------------------------------------------------------------------------------------------------------------|:---------------------------------------------------------------------------------------------------------------------------------------------------------------------------------------------------------------------------------------------------|:-------------------------------------------------------------|:-------------------------------------------------------------------|:-------|---------:|:-----------|:--------------|
|  0 | RIMI   | <img src="https://rimibaltic-res.cloudinary.com/image/upload/b_white,c_limit,dpr_auto,f_auto,q_auto:low,w_auto/d_ecommerce:backend-fallback.png/MAT_814672_PCE_LT" width=100 height=60 />                                                                                              | <a href="https://www.rimi.lt/e-parduotuve/lt/produktai/pieno-produktai-ir-kiausiniai/grietine-ir-grietinele/grietine-/grietine-rimi-smart-30-rieb-400-g/p/814672"><table width="100"><td> Grietinė RIMI SMART, 30 % rieb., 400 g </td></table></a> | 1.59€                                                        | 3.97€/kg                                                           |        |    0.401 | 2025-09-02 | nan           |
|  1 | IKI    | <img src="https://storage.googleapis.com/download/storage/v1/b/lastmile-ui/o/import%2Fphotos%2Fconverted%2Fproduct%2FCvKfTzV4TN5U8BTMF1Hl_F2BSmmSAnTpSkVn2d5Gc_CvKfTzV4TN5U8BTMF1Hl_webpConverter_1_big.webp?generation=1698235078892448&alt=media" width=100 height=60 />             | <a href="https://www.lastmile.lt/chain/IKI/product/Grietine-30percent-rieb-CLEVER-400-g-252442"><table width="100"><td> Grietinė 30% rieb. CLEVER, 400 g </td></table></a>                                                                         | 1.59€                                                        | 3.98€/kg                                                           |        |    0.53  | 2025-09-02 | nan           |
|  2 | MAXIMA | <img src="https://cdn.barbora.lt/products/f97b5c02-61b7-48cc-a3cb-f90e17c33f70_s.png" width=100 height=60 />                                                                                                                                                                           | <a href="https://barbora.lt/produktai/grietine-farm-milk-30-proc-rieb-400-g"><table width="100"><td> Grietinė FARM MILK, 30 % rieb., 400 g </td></table></a>                                                                                       | 1.59€                                                        | 3.98€/kg                                                           |        |    0.399 | 2025-09-02 | nan           |
|  3 | RIMI   | <img src="https://rimibaltic-res.cloudinary.com/image/upload/b_white,c_limit,dpr_auto,f_auto,q_auto:low,w_auto/d_ecommerce:backend-fallback.png/MAT_4003727_PCE_LT" width=100 height=60 />                                                                                             | <a href="https://www.rimi.lt/e-parduotuve/lt/produktai/pieno-produktai-ir-kiausiniai/grietine-ir-grietinele/grietine-/rokiskio-namine-grietine-30-500-g/p/4003727"><table width="100"><td> ROKIŠKIO NAMINĖ grietinė, 30 %, 500 g </td></table></a> | <div><strong>2.69€</strong></div><div><del>3.19€</del></div> | <div><strong>5.38€/kg</strong></div><div><del>6.38€/kg</del></div> | -15.7% |    0.5   | 2025-09-02 | 2025-09-08    |
|  4 | IKI    | <img src="https://firebasestorage.googleapis.com/v0/b/lastmile-ui/o/import%2Fphotos%2Fconverted%2Fproduct%2FphotoUrl%2FCvKfTzV4TN5U8BTMF1Hl_209764_Y5wHCakiRVc8Kf1fJt96vh8Tr2I2_9HPOp30WrOSMdVVGQ7Lq.webp?alt=media&token=26da7608-bb6a-4bfb-9870-eaf2696f991f" width=100 height=60 /> | <a href="https://www.lastmile.lt/chain/IKI/product/Grietine-30percent-riebumo-ZALOJI-KARVUTE-400-g-209764"><table width="100"><td> Grietinė 30% riebumo ŽALOJI KARVUTĖ, 400 g </td></table></a>                                                    | 2.39€                                                        | 5.97€/kg                                                           |        |    0.41  | 2025-09-02 | nan           |
|  5 | MAXIMA | <img src="https://cdn.barbora.lt/products/7f80c48f-7e7a-4465-b1b7-3910ee1e6b8b_s.png" width=100 height=60 />                                                                                                                                                                           | <a href="https://barbora.lt/produktai/naturali-rokiskio-grietine-zaloji-karvute-30-proc-rieb-400-g"><table width="100"><td> Natūrali ROKIŠKIO grietinė ŽALOJI KARVUTĖ, 30 % rieb., 400 g </td></table></a>                                         | 2.39€                                                        | 5.98€/kg                                                           |        |    0.4   | 2025-09-02 | nan           |
|  6 | IKI    | <img src="https://storage.googleapis.com/download/storage/v1/b/lastmile-ui/o/import%2Fphotos%2Fconverted%2Fproduct%2FCvKfTzV4TN5U8BTMF1Hl_NX9hfvNQWJ6ChxnelJNP_CvKfTzV4TN5U8BTMF1Hl_webpConverter_1_big.webp?generation=1698236499840613&alt=media" width=100 height=60 />             | <a href="https://www.lastmile.lt/chain/IKI/product/Grietine-DVARO-30percent-rieb-500-g-10404"><table width="100"><td> Grietinė DVARO, 30% rieb., 500 g </td></table></a>                                                                           | 3.19€                                                        | 6.38€/kg                                                           |        |    0.5   | 2025-09-02 | nan           |
|  7 | IKI    | <img src="https://firebasestorage.googleapis.com/v0/b/lastmile-ui/o/import%2Fphotos%2Fconverted%2Fproduct%2FphotoUrl%2FCvKfTzV4TN5U8BTMF1Hl_289382_OrXUvGAuc2NCJDRvzNOTXOM3rsp1_AfgeP2hJw1aLqw0BIgBP.webp?alt=media&token=ceb98a33-4944-40a9-9bbd-627adb8ae8f1" width=100 height=60 /> | <a href="https://www.lastmile.lt/chain/IKI/product/ROKISKIO-NAMINE-GRIETINE-30-percent-RIEB500-G-289382"><table width="100"><td> ROKIŠKIO NAMINĖ GRIETINĖ 30 % RIEB.,/500 G </td></table></a>                                                      | 3.19€                                                        | 6.38€/kg                                                           |        |    0.57  | 2025-09-02 | nan           |
|  8 | MAXIMA | <img src="https://cdn.barbora.lt/products/0f3c6ed0-a49f-494f-bbef-bfaf75ac9bba_s.png" width=100 height=60 />                                                                                                                                                                           | <a href="https://barbora.lt/produktai/rokiskio-namine-grietine-30-proc-rieb-500-g"><table width="100"><td> ROKIŠKIO NAMINĖ grietinė, 30 % rieb., 500 g </td></table></a>                                                                           | 3.19€                                                        | 6.38€/kg                                                           |        |    0.5   | 2025-09-02 | nan           |
|  9 | RIMI   | <img src="https://rimibaltic-res.cloudinary.com/image/upload/b_white,c_limit,dpr_auto,f_auto,q_auto:low,w_auto/d_ecommerce:backend-fallback.png/MAT_248927_PCE_LT" width=100 height=60 />                                                                                              | <a href="https://www.rimi.lt/e-parduotuve/lt/produktai/pieno-produktai-ir-kiausiniai/grietine-ir-grietinele/grietine-/dvaro-grietine-30-rieb-500-g/p/248927"><table width="100"><td> DVARO grietinė, 30 % rieb., 500 g </td></table></a>           | 3.19€                                                        | 6.38€/kg                                                           |        |    0.5   | 2025-09-02 | nan           |
| 10 | IKI    | <img src="https://storage.googleapis.com/download/storage/v1/b/lastmile-ui/o/import%2Fphotos%2Fconverted%2Fproduct%2FCvKfTzV4TN5U8BTMF1Hl_n4a1RjfauBETt3xU9Hqc_CvKfTzV4TN5U8BTMF1Hl_webpConverter_1_big.webp?generation=1698239360947922&alt=media" width=100 height=60 />             | <a href="https://www.lastmile.lt/chain/IKI/product/Grietine-30percent-rieb-IKI-400-g-210315"><table width="100"><td> Grietinė 30% rieb. IKI, 400 g </td></table></a>                                                                               | 2.69€                                                        | 6.72€/kg                                                           |        |    0.42  | 2025-09-02 | nan           |
| 11 | IKI    | <img src="https://storage.googleapis.com/download/storage/v1/b/lastmile-ui/o/import%2Fphotos%2Fconverted%2Fproduct%2FCvKfTzV4TN5U8BTMF1Hl_hugDIHY1KNc7QawVq9rN_CvKfTzV4TN5U8BTMF1Hl_webpConverter_1_big.webp?generation=1698238070101351&alt=media" width=100 height=60 />             | <a href="https://www.lastmile.lt/chain/IKI/product/Grietine-ZALOJI-KARVUTE-400-g-68335"><table width="100"><td> Grietinė ŽALOJI KARVUTĖ, 400 g </td></table></a>                                                                                   | 2.69€                                                        | 6.72€/kg                                                           |        |    0.41  | 2025-09-02 | nan           |
| 12 | MAXIMA | <img src="https://cdn.barbora.lt/products/06fa9761-7c49-4b68-a72d-b1f0201eb69c_s.png" width=100 height=60 />                                                                                                                                                                           | <a href="https://barbora.lt/produktai/grietine-well-done-30-proc-rieb-400-g"><table width="100"><td> Grietinė WELL DONE, 30 % rieb., 400 g </td></table></a>                                                                                       | 2.69€                                                        | 6.73€/kg                                                           |        |    0.4   | 2025-09-02 | nan           |
| 13 | RIMI   | <img src="https://rimibaltic-res.cloudinary.com/image/upload/b_white,c_limit,dpr_auto,f_auto,q_auto:low,w_auto/d_ecommerce:backend-fallback.png/MAT_814663_PCE_LT" width=100 height=60 />                                                                                              | <a href="https://www.rimi.lt/e-parduotuve/lt/produktai/pieno-produktai-ir-kiausiniai/grietine-ir-grietinele/grietine-/grietine-rimi-30-rieb-200-g/p/814663"><table width="100"><td> Grietinė RIMI, 30 % rieb., 200 g </td></table></a>             | 1.59€                                                        | 7.95€/kg                                                           |        |    0.2   | 2025-09-02 | nan           |
## Kiaušiniai
|    | shop   | image                                                                                                                                                                                                                                                                                  | title                                                                                                                                                                                                                                                                      | price   | price_per   | off   |   weight | date       |   valid_until |
|---:|:-------|:---------------------------------------------------------------------------------------------------------------------------------------------------------------------------------------------------------------------------------------------------------------------------------------|:---------------------------------------------------------------------------------------------------------------------------------------------------------------------------------------------------------------------------------------------------------------------------|:--------|:------------|:------|---------:|:-----------|--------------:|
|  0 | MAXIMA | <img src="https://cdn.barbora.lt/products/7a442559-0a9a-4faf-b69e-02c1d5a44e07_s.png" width=100 height=60 />                                                                                                                                                                           | <a href="https://barbora.lt/produktai/ant-kraiko-laikomu-vistu-kiausiniai-10-vnt-10-vnt"><table width="100"><td> Ant kraiko laikomų vištų kiaušiniai, 10 vnt. </td></table></a>                                                                                            | 2.15€   | 0.22€/vnt   |       |    nan   | 2025-09-02 |           nan |
|  1 | RIMI   | <img src="https://rimibaltic-res.cloudinary.com/image/upload/b_white,c_limit,dpr_auto,f_auto,q_auto:low,w_auto/d_ecommerce:backend-fallback.png/MAT_816323_PCE_LT" width=100 height=60 />                                                                                              | <a href="https://www.rimi.lt/e-parduotuve/lt/produktai/pieno-produktai-ir-kiausiniai/kiausiniai/2---ant-kraiko-laikomu-vistu-kiausiniai-/vistu-kiausiniai-rimi-a-lm-nr-2-10vnt/p/816323"><table width="100"><td> Vištų kiaušiniai RIMI, A/LM Nr.2, 10vnt </td></table></a> | 2.15€   | 0.22€/vnt   |       |    nan   | 2025-09-02 |           nan |
|  2 | IKI    | <img src="https://firebasestorage.googleapis.com/v0/b/lastmile-ui/o/import%2Fphotos%2Fconverted%2Fproduct%2FphotoUrl%2FCvKfTzV4TN5U8BTMF1Hl_281345_OrXUvGAuc2NCJDRvzNOTXOM3rsp1_cLOm7b0peLnoC0bXi09j.webp?alt=media&token=87b3faeb-79fb-46ee-95cc-ab29744962a9" width=100 height=60 /> | <a href="https://www.lastmile.lt/chain/IKI/product/Kiausiniai-IKI-ant-kraiko-laikomu-vistu-M-dydzio-rudu-lukstu-Nr2-10-vnt-281345"><table width="100"><td> Kiaušiniai IKI ant kraiko laikomų vištų M dydžio, rudu lukštu, Nr.2, 10 vnt </td></table></a>                   | 2.49€   | 0.25€/vnt   |       |      0.6 | 2025-09-02 |           nan |
## Kokosų gėrimas
|    | shop   | image                                                                                                                                                                                                                                                                                  | title                                                                                                                                                                                                                         | price                                                        | price_per                                                        | off    |   weight | date       | valid_until   |
|---:|:-------|:---------------------------------------------------------------------------------------------------------------------------------------------------------------------------------------------------------------------------------------------------------------------------------------|:------------------------------------------------------------------------------------------------------------------------------------------------------------------------------------------------------------------------------|:-------------------------------------------------------------|:-----------------------------------------------------------------|:-------|---------:|:-----------|:--------------|
|  0 | RIMI   | <img src="https://rimibaltic-res.cloudinary.com/image/upload/b_white,c_limit,dpr_auto,f_auto,q_auto:low,w_auto/d_ecommerce:backend-fallback.png/MAT_182692_PCE_LT" width=100 height=60 />                                                                                              | <a href="https://www.rimi.lt/e-parduotuve/lt/produktai/bakaleja/pasaulio-skoniai/kokosu-pienas/kokosu-gerimas-aji-400ml/p/182692"><table width="100"><td> Kokosų gėrimas AJI, 400ml </td></table></a>                         | <div><strong>1.45€</strong></div><div><del>2.09€</del></div> | <div><strong>3.62€/l</strong></div><div><del>5.22€/l</del></div> | -30.6% |     0.4  | 2025-09-02 | 2025-09-08    |
|  1 | RIMI   | <img src="https://rimibaltic-res.cloudinary.com/image/upload/b_white,c_limit,dpr_auto,f_auto,q_auto:low,w_auto/d_ecommerce:backend-fallback.png/MAT_813759_PCE_LT" width=100 height=60 />                                                                                              | <a href="https://www.rimi.lt/e-parduotuve/lt/produktai/bakaleja/pasaulio-skoniai/kokosu-pienas/kokosu-gerimas-ica-asia-200-ml/p/813759"><table width="100"><td> Kokosų gėrimas ICA ASIA, 200 ml </td></table></a>             | <div><strong>0.87€</strong></div><div><del>1.45€</del></div> | <div><strong>4.35€/l</strong></div><div><del>7.25€/l</del></div> | -40.0% |     0.2  | 2025-09-02 | 2025-09-08    |
|  2 | RIMI   | <img src="https://rimibaltic-res.cloudinary.com/image/upload/b_white,c_limit,dpr_auto,f_auto,q_auto:low,w_auto/d_ecommerce:backend-fallback.png/MAT_813761_PCE_LT" width=100 height=60 />                                                                                              | <a href="https://www.rimi.lt/e-parduotuve/lt/produktai/bakaleja/pasaulio-skoniai/kokosu-pienas/kokosu-gerimas-ica-asia-light-400-ml/p/813761"><table width="100"><td> Kokosų gėrimas ICA ASIA LIGHT, 400 ml </td></table></a> | <div><strong>1.89€</strong></div><div><del>3.19€</del></div> | <div><strong>4.72€/l</strong></div><div><del>7.97€/l</del></div> | -40.8% |     0.4  | 2025-09-02 | 2025-09-08    |
|  3 | MAXIMA | <img src="https://cdn.barbora.lt/products/b35b21e5-4749-4ba4-ab8f-bb98dd4842ce_s.png" width=100 height=60 />                                                                                                                                                                           | <a href="https://barbora.lt/produktai/kokosu-gerimas-extra-line-17-19-proc-400-ml"><table width="100"><td> Kokosų gėrimas EXTRA LINE, 17-19 %, 400 ml </td></table></a>                                                       | 1.89€                                                        | 4.73€/l                                                          |        |     0.4  | 2025-09-02 | nan           |
|  4 | MAXIMA | <img src="https://cdn.barbora.lt/products/de61ce76-a99a-4696-a26c-2bedb46f0f52_s.png" width=100 height=60 />                                                                                                                                                                           | <a href="https://barbora.lt/produktai/kokosu-gerimas-aji-400-ml"><table width="100"><td> Kokosų gėrimas AJI, 400 ml </td></table></a>                                                                                         | 1.99€                                                        | 4.98€/l                                                          |        |     0.4  | 2025-09-02 | nan           |
|  5 | MAXIMA | <img src="https://cdn.barbora.lt/products/bdb47979-b656-4530-bdef-3868d96cdb98_s.png" width=100 height=60 />                                                                                                                                                                           | <a href="https://barbora.lt/produktai/ekologiskas-kokosu-gerimas-bionaturalis-400-ml"><table width="100"><td> Ekologiškas kokosų gėrimas BIONATURALIS, 400 ml </td></table></a>                                               | <div><strong>2.16€</strong></div><div><del>2.89€</del></div> | <div><strong>5.4€/l</strong></div><div><del>7.23€/l</del></div>  | -25.3% |     0.4  | 2025-09-02 | 2025-09-08    |
|  6 | IKI    | <img src="https://firebasestorage.googleapis.com/v0/b/lastmile-ui/o/import%2Fphotos%2Fconverted%2Fproduct%2FphotoUrl%2FCvKfTzV4TN5U8BTMF1Hl_284756_OrXUvGAuc2NCJDRvzNOTXOM3rsp1_rb5N1fZ7z5aGPIVIajX6.webp?alt=media&token=489f3499-8264-454d-b372-25cd3343db48" width=100 height=60 /> | <a href="https://www.lastmile.lt/chain/IKI/product/Kokosu-gerimas-BILLA-400-ml-284756"><table width="100"><td> Kokosų gėrimas BILLA, 400 ml </td></table></a>                                                                 | 2.29€                                                        | 5.72€/l                                                          |        |     0.46 | 2025-09-02 | nan           |
|  7 | RIMI   | <img src="https://rimibaltic-res.cloudinary.com/image/upload/b_white,c_limit,dpr_auto,f_auto,q_auto:low,w_auto/d_ecommerce:backend-fallback.png/MAT_810075_PCE_LT" width=100 height=60 />                                                                                              | <a href="https://www.rimi.lt/e-parduotuve/lt/produktai/bakaleja/pasaulio-skoniai/kokosu-pienas/kokosu-gerimas-i-love-eco-400-ml/p/810075"><table width="100"><td> Kokosų gėrimas I LOVE ECO, 400 ml </td></table></a>         | 2.29€                                                        | 5.72€/l                                                          |        |     0.4  | 2025-09-02 | nan           |
|  8 | RIMI   | <img src="https://rimibaltic-res.cloudinary.com/image/upload/b_white,c_limit,dpr_auto,f_auto,q_auto:low,w_auto/d_ecommerce:backend-fallback.png/MAT_109075_PCE_LT" width=100 height=60 />                                                                                              | <a href="https://www.rimi.lt/e-parduotuve/lt/produktai/bakaleja/pasaulio-skoniai/kokosu-pienas/kokosu-gerimas-thai-choice-400ml/p/109075"><table width="100"><td> Kokosų gėrimas THAI CHOICE, 400ml </td></table></a>         | 3.99€                                                        | 9.97€/l                                                          |        |     0.4  | 2025-09-02 | nan           |
## Morkos
|    | shop   | image                                                                                                                                                                                                                                                                      | title                                                                                                                                                                                                           | price                                                        | price_per                                                          | off    |   weight | date       | valid_until   |
|---:|:-------|:---------------------------------------------------------------------------------------------------------------------------------------------------------------------------------------------------------------------------------------------------------------------------|:----------------------------------------------------------------------------------------------------------------------------------------------------------------------------------------------------------------|:-------------------------------------------------------------|:-------------------------------------------------------------------|:-------|---------:|:-----------|:--------------|
|  0 | IKI    | <img src="https://storage.googleapis.com/download/storage/v1/b/lastmile-ui/o/import%2Fphotos%2Fconverted%2Fproduct%2FCvKfTzV4TN5U8BTMF1Hl_0SFs93BQwFn5k23gDvll_CvKfTzV4TN5U8BTMF1Hl_webpConverter_1_big.webp?generation=1698231463789966&alt=media" width=100 height=60 /> | <a href="https://www.lastmile.lt/chain/IKI/product/Plautos-morkos-CLEVER-255266"><table width="100"><td> Plautos morkos CLEVER </td></table></a>                                                                | <div><strong>0.59€</strong></div><div><del>0.79€</del></div> | <div><strong>0.59€/kg</strong></div><div><del>0.79€/kg</del></div> | -25.3% |     1    | 2025-09-02 | 2025-09-07    |
|  1 | RIMI   | <img src="https://rimibaltic-res.cloudinary.com/image/upload/b_white,c_limit,dpr_auto,f_auto,q_auto:low,w_auto/d_ecommerce:backend-fallback.png/MAT_272768_KGM_LT" width=100 height=60 />                                                                                  | <a href="https://www.rimi.lt/e-parduotuve/lt/produktai/vaisiai-darzoves-ir-geles/darzoves-ir-grybai/morkos/plautos-morkos-kg/p/272768"><table width="100"><td> Lietuviškos plautos morkos, kg </td></table></a> | 0.65€                                                        | 0.65€/kg                                                           |        |     1    | 2025-09-02 | nan           |
|  2 | IKI    | <img src="https://storage.googleapis.com/download/storage/v1/b/lastmile-ui/o/import%2Fphotos%2Fconverted%2Fproduct%2FOiGzdqIuls86njWsPYmw_HDVspgeDhtSnUPQkwHMX_OiGzdqIuls86njWsPYmw_webpConverter_1_big.webp?generation=1698235197794013&alt=media" width=100 height=60 /> | <a href="https://www.lastmile.lt/chain/PROMO-CashandCarry/product/Sveriamos-morkos-I-klase-kg-X401737"><table width="100"><td> Sveriamos morkos, I klasė, kg </td></table></a>                                  | 0.66€                                                        | 0.66€/kg                                                           |        |     1    | 2025-09-02 | nan           |
|  3 | MAXIMA | <img src="https://cdn.barbora.lt/products/c19c320d-a3d6-4fa1-8454-6c5e09338908_s.png" width=100 height=60 />                                                                                                                                                               | <a href="https://barbora.lt/produktai/plautos-morkos-1-kg"><table width="100"><td> Plautos morkos, 1 kg </td></table></a>                                                                                       | 0.89€                                                        | 0.89€/kg                                                           |        |     1    | 2025-09-02 | nan           |
|  4 | IKI    | <img src="https://storage.googleapis.com/download/storage/v1/b/lastmile-ui/o/import%2Fphotos%2Fconverted%2Fproduct%2FCvKfTzV4TN5U8BTMF1Hl_6cMnnD1WV4B85zT9rjAB_CvKfTzV4TN5U8BTMF1Hl_webpConverter_1_big.webp?generation=1698231858117155&alt=media" width=100 height=60 /> | <a href="https://www.lastmile.lt/chain/IKI/product/Fasuotos-morkos-IKI-uKIS-1-kg-2630"><table width="100"><td> Fasuotos morkos IKI ŪKIS, 1 kg </td></table></a>                                                 | 1.19€                                                        | 1.19€/kg                                                           |        |     1.05 | 2025-09-02 | nan           |
## Paprikos
|    | shop   | image                                                                                                                                                                                                                                                                                  | title                                                                                                                                                                                                                                                      | price                                                        | price_per                                                          | off    |   weight | date       | valid_until   |
|---:|:-------|:---------------------------------------------------------------------------------------------------------------------------------------------------------------------------------------------------------------------------------------------------------------------------------------|:-----------------------------------------------------------------------------------------------------------------------------------------------------------------------------------------------------------------------------------------------------------|:-------------------------------------------------------------|:-------------------------------------------------------------------|:-------|---------:|:-----------|:--------------|
|  0 | IKI    | <img src="https://storage.googleapis.com/download/storage/v1/b/lastmile-ui/o/import%2Fphotos%2Fconverted%2Fproduct%2FCvKfTzV4TN5U8BTMF1Hl_WfAs05a1U7zdgqFDKp4U_CvKfTzV4TN5U8BTMF1Hl_webpConverter_1_big.webp?generation=1698237160652306&alt=media" width=100 height=60 />             | <a href="https://www.lastmile.lt/chain/IKI/product/Baltosios-paprikos-2511"><table width="100"><td> Baltosios paprikos  </td></table></a>                                                                                                                  | <div><strong>2.09€</strong></div><div><del>2.99€</del></div> | <div><strong>2.09€/kg</strong></div><div><del>2.99€/kg</del></div> | -30.1% |        1 | 2025-09-02 | 2025-09-07    |
|  1 | IKI    | <img src="https://firebasestorage.googleapis.com/v0/b/lastmile-ui/o/import%2Fphotos%2Fconverted%2Fproduct%2FphotoUrl%2FCvKfTzV4TN5U8BTMF1Hl_2507_OrXUvGAuc2NCJDRvzNOTXOM3rsp1_pHIMRgmLXZ40wxxu2EoW.webp?alt=media&token=df75c9c1-8a18-4331-8a25-2c3d493fdf28" width=100 height=60 />   | <a href="https://www.lastmile.lt/chain/IKI/product/Raudonosios-paprikos-BON-VIA-2507"><table width="100"><td> Raudonosios paprikos BON VIA </td></table></a>                                                                                               | <div><strong>2.44€</strong></div><div><del>3.49€</del></div> | <div><strong>2.44€/kg</strong></div><div><del>3.49€/kg</del></div> | -30.1% |        1 | 2025-09-02 | 2025-09-07    |
|  2 | IKI    | <img src="https://firebasestorage.googleapis.com/v0/b/lastmile-ui/o/import%2Fphotos%2Fconverted%2Fproduct%2FphotoUrl%2FOiGzdqIuls86njWsPYmw_X205453_uF3DptJQvjXHqmno4Mal_kbL5dRRHWNsqGLkGSnfL.webp?alt=media&token=cb8f4192-4c0d-4237-93be-7818c12c10c4" width=100 height=60 />        | <a href="https://www.lastmile.lt/chain/PROMO-CashandCarry/product/Paprikos-saldziosios-zalios-I-klase-kg-X205453"><table width="100"><td> Paprikos, saldžiosios, žalios, I klasė, kg </td></table></a>                                                     | <div><strong>2.49€</strong></div><div><del>2.86€</del></div> | <div><strong>2.49€/kg</strong></div><div><del>2.86€/kg</del></div> | -12.9% |        1 | 2025-09-02 | 2025-09-02    |
|  3 | IKI    | <img src="https://firebasestorage.googleapis.com/v0/b/lastmile-ui/o/import%2Fphotos%2Fconverted%2Fproduct%2FphotoUrl%2FCvKfTzV4TN5U8BTMF1Hl_2510_OrXUvGAuc2NCJDRvzNOTXOM3rsp1_zTcgx7BaTNH9JrQB5ghy.webp?alt=media&token=7f4d28ad-c182-4344-9bd8-7d2602f3d2ed" width=100 height=60 />   | <a href="https://www.lastmile.lt/chain/IKI/product/Geltonosios-paprikos-BON-VIA-2510"><table width="100"><td> Geltonosios paprikos BON VIA </td></table></a>                                                                                               | <div><strong>2.79€</strong></div><div><del>3.99€</del></div> | <div><strong>2.79€/kg</strong></div><div><del>3.99€/kg</del></div> | -30.1% |        1 | 2025-09-02 | 2025-09-07    |
|  4 | RIMI   | <img src="https://rimibaltic-res.cloudinary.com/image/upload/b_white,c_limit,dpr_auto,f_auto,q_auto:low,w_auto/d_ecommerce:backend-fallback.png/MAT_221465_KGM_LT" width=100 height=60 />                                                                                              | <a href="https://www.rimi.lt/e-parduotuve/lt/produktai/vaisiai-darzoves-ir-geles/darzoves-ir-grybai/paprikos/baltosios-paprikos-1-kl-1-kg/p/221465"><table width="100"><td> Baltosios paprikos, 1 kl., 1 kg </td></table></a>                              | 2.85€                                                        | 2.85€/kg                                                           |        |        1 | 2025-09-02 | nan           |
|  5 | MAXIMA | <img src="https://cdn.barbora.lt/products/544567df-0d36-410a-b7c4-6845b3262d0c_s.png" width=100 height=60 />                                                                                                                                                                           | <a href="https://barbora.lt/produktai/raudonos-saldziosios-paprikos-80-100-mm-1-kg"><table width="100"><td> Raudonos saldžiosios paprikos, 80-100 mm, 1 kg </td></table></a>                                                                               | 2.99€                                                        | 2.99€/kg                                                           |        |        1 | 2025-09-02 | nan           |
|  6 | RIMI   | <img src="https://rimibaltic-res.cloudinary.com/image/upload/b_white,c_limit,dpr_auto,f_auto,q_auto:low,w_auto/d_ecommerce:backend-fallback.png/MAT_269167_KGM_LT" width=100 height=60 />                                                                                              | <a href="https://www.rimi.lt/e-parduotuve/lt/produktai/vaisiai-darzoves-ir-geles/darzoves-ir-grybai/paprikos/raudonos-saldziosios-paprikos-70-mm-1kl-1kg/p/269167"><table width="100"><td> Raudonos saldžiosios paprikos (70+mm),1kl,1kg </td></table></a> | 2.99€                                                        | 2.99€/kg                                                           |        |        1 | 2025-09-02 | nan           |
|  7 | IKI    | <img src="https://firebasestorage.googleapis.com/v0/b/lastmile-ui/o/import%2Fphotos%2Fconverted%2Fproduct%2FphotoUrl%2FOiGzdqIuls86njWsPYmw_X201456_uF3DptJQvjXHqmno4Mal_wNXrVsWfbzKMvd0omcki.webp?alt=media&token=3d08369d-ea19-47ac-90a1-8ace57823e9b" width=100 height=60 />        | <a href="https://www.lastmile.lt/chain/PROMO-CashandCarry/product/Paprikos-saldziosios-raudonos-I-klase-kg-X201456"><table width="100"><td> Paprikos, saldžiosios, raudonos, I klasė, kg </td></table></a>                                                 | 3.05€                                                        | 3.05€/kg                                                           |        |        1 | 2025-09-02 | nan           |
|  8 | RIMI   | <img src="https://rimibaltic-res.cloudinary.com/image/upload/b_white,c_limit,dpr_auto,f_auto,q_auto:low,w_auto/d_ecommerce:backend-fallback.png/MAT_209926_KGM_LT" width=100 height=60 />                                                                                              | <a href="https://www.rimi.lt/e-parduotuve/lt/produktai/vaisiai-darzoves-ir-geles/darzoves-ir-grybai/paprikos/geltonos-saldziosios-paprikos-80-mm-1kl-1kg/p/209926"><table width="100"><td> Geltonos saldžiosios paprikos (80+mm),1kl,1kg </td></table></a> | 3.79€                                                        | 3.79€/kg                                                           |        |        1 | 2025-09-02 | nan           |
|  9 | IKI    | <img src="https://firebasestorage.googleapis.com/v0/b/lastmile-ui/o/import%2Fphotos%2Fconverted%2Fproduct%2FphotoUrl%2FOiGzdqIuls86njWsPYmw_X205451_uF3DptJQvjXHqmno4Mal_VD5MNuummlh4km8JKzWf.webp?alt=media&token=ff969bb0-97b7-4a1d-9c8b-b2bd04b59fff" width=100 height=60 />        | <a href="https://www.lastmile.lt/chain/PROMO-CashandCarry/product/Paprikos-saldziosios-geltonos-I-klase-kg-X205451"><table width="100"><td> Paprikos, saldžiosios, geltonos, I klasė, kg </td></table></a>                                                 | <div><strong>3.84€</strong></div><div><del>4.59€</del></div> | <div><strong>3.84€/kg</strong></div><div><del>4.59€/kg</del></div> | -16.3% |        1 | 2025-09-02 | 2025-09-02    |
| 10 | IKI    | <img src="https://firebasestorage.googleapis.com/v0/b/lastmile-ui/o/import%2Fphotos%2Fconverted%2Fproduct%2FphotoUrl%2FI5xSnoB3YtmRqbSCEySQ_408779_O5C3irHVPCa8xS5DeZgApO5UvCC2_YRBWejFGiAU0ZrsIVQeN.webp?alt=media&token=9317a71f-7c75-4c92-9264-ce161436d593" width=100 height=60 /> | <a href="https://www.lastmile.lt/chain/Assorti/product/Raudonos-saldziosios-paprikos-70-90-mm-II-kl-408779"><table width="100"><td> Raudonos saldžiosios paprikos (70-90 mm), II kl. </td></table></a>                                                     | 3.99€                                                        | 3.99€/kg                                                           |        |        1 | 2025-09-02 | nan           |
| 11 | MAXIMA | <img src="https://cdn.barbora.lt/products/aec1c953-b49d-4ac1-be53-02a2c148a7af_s.png" width=100 height=60 />                                                                                                                                                                           | <a href="https://barbora.lt/produktai/geltonos-saldziosios-paprikos-80-100-mm-1-kg"><table width="100"><td> Geltonos saldžiosios paprikos, 80-100 mm, 1 kg </td></table></a>                                                                               | 4.29€                                                        | 4.29€/kg                                                           |        |        1 | 2025-09-02 | nan           |
| 12 | RIMI   | <img src="https://rimibaltic-res.cloudinary.com/image/upload/b_white,c_limit,dpr_auto,f_auto,q_auto:low,w_auto/d_ecommerce:backend-fallback.png/MAT_269169_KGM_LT" width=100 height=60 />                                                                                              | <a href="https://www.rimi.lt/e-parduotuve/lt/produktai/vaisiai-darzoves-ir-geles/darzoves-ir-grybai/paprikos/zaliosios-paprikos-75-mm-1-kl-1-kg/p/269169"><table width="100"><td> Žaliosios paprikos (75+ mm), 1 kl., 1 kg </td></table></a>               | 4.39€                                                        | 4.39€/kg                                                           |        |        1 | 2025-09-02 | nan           |
| 13 | RIMI   | <img src="https://rimibaltic-res.cloudinary.com/image/upload/b_white,c_limit,dpr_auto,f_auto,q_auto:low,w_auto/d_ecommerce:backend-fallback.png/MAT_269168_KGM_LT" width=100 height=60 />                                                                                              | <a href="https://www.rimi.lt/e-parduotuve/lt/produktai/vaisiai-darzoves-ir-geles/darzoves-ir-grybai/paprikos/oranzin-saldziosios-paprikos-80-mm-1kl-1kg/p/269168"><table width="100"><td> Oranžin. saldžiosios paprikos (80+mm),1kl,1kg </td></table></a>  | 4.49€                                                        | 4.49€/kg                                                           |        |        1 | 2025-09-02 | nan           |
| 14 | IKI    | <img src="https://firebasestorage.googleapis.com/v0/b/lastmile-ui/o/import%2Fphotos%2Fconverted%2Fproduct%2FphotoUrl%2FOiGzdqIuls86njWsPYmw_V3326H0_uF3DptJQvjXHqmno4Mal_Q31um7RDfMPuNEq9X7HL.webp?alt=media&token=4251df84-ced7-4744-987f-c13fe71b4d35" width=100 height=60 />        | <a href="https://www.lastmile.lt/chain/PROMO-CashandCarry/product/Paprikos-saldziosios-oranzines-I-klase-kg-V3326H0"><table width="100"><td> Paprikos, saldžiosios, oranžinės, I klasė, kg </td></table></a>                                               | 4.59€                                                        | 4.59€/kg                                                           |        |        1 | 2025-09-02 | nan           |
## Pomidorų pasta
|    | shop   | image                                                                                                                                                                                                                                                                           | title                                                                                                                                                                                                                                                  | price                                                        | price_per                                                          | off    |   weight | date       | valid_until   |
|---:|:-------|:--------------------------------------------------------------------------------------------------------------------------------------------------------------------------------------------------------------------------------------------------------------------------------|:-------------------------------------------------------------------------------------------------------------------------------------------------------------------------------------------------------------------------------------------------------|:-------------------------------------------------------------|:-------------------------------------------------------------------|:-------|---------:|:-----------|:--------------|
|  0 | MAXIMA | <img src="https://cdn.barbora.lt/products/e1ebe0ad-c3ac-4a43-8cce-0c7a2a235d5c_s.png" width=100 height=60 />                                                                                                                                                                    | <a href="https://barbora.lt/produktai/pomidoru-pasta-30-proc-extra-line-180-g"><table width="100"><td> Pomidorų pasta 30% EXTRA LINE, 180 g </td></table></a>                                                                                          | <div><strong>0.52€</strong></div><div><del>0.69€</del></div> | <div><strong>2.87€/kg</strong></div><div><del>3.83€/kg</del></div> | -24.6% |     0.18 | 2025-09-02 | 2025-09-08    |
|  1 | IKI    | <img src="https://firebasestorage.googleapis.com/v0/b/lastmile-ui/o/import%2Fphotos%2Fconverted%2Fproduct%2FphotoUrl%2FOiGzdqIuls86njWsPYmw_U263695_uF3DptJQvjXHqmno4Mal_Vf7JxvXOPPVjXO3Jtm4O.webp?alt=media&token=a64178ad-2216-4662-83a7-7c04559e8b7b" width=100 height=60 /> | <a href="https://www.lastmile.lt/chain/PROMO-CashandCarry/product/Pomidoru-pasta-MIKADO-28-30-percent-800-g-U263695"><table width="100"><td> Pomidorų pasta MIKADO, 28-30 % , 800 g </td></table></a>                                                  | 3.02€                                                        | 3.55€/kg                                                           |        |     0.85 | 2025-09-02 | nan           |
|  2 | MAXIMA | <img src="https://cdn.barbora.lt/products/af932dd3-1722-488b-8977-0fa0d17ae32b_s.png" width=100 height=60 />                                                                                                                                                                    | <a href="https://barbora.lt/produktai/pomidoru-pasta-well-done-140-g"><table width="100"><td> Pomidorų pasta WELL DONE, 140 g </td></table></a>                                                                                                        | <div><strong>0.74€</strong></div><div><del>0.99€</del></div> | <div><strong>5.3€/kg</strong></div><div><del>7.07€/kg</del></div>  | -25.3% |     0.14 | 2025-09-02 | 2025-09-08    |
|  3 | MAXIMA | <img src="https://cdn.barbora.lt/products/aecb1688-cf4b-44fc-b178-ffc45c2de52b_s.png" width=100 height=60 />                                                                                                                                                                    | <a href="https://barbora.lt/produktai/kedainiu-konservu-fabriko-pomidoru-pasta-250-g"><table width="100"><td> KĖDAINIŲ KONSERVŲ FABRIKO pomidorų pasta, 250 g </td></table></a>                                                                        | <div><strong>1.34€</strong></div><div><del>1.79€</del></div> | <div><strong>5.37€/kg</strong></div><div><del>7.16€/kg</del></div> | -25.1% |     0.25 | 2025-09-02 | 2025-09-08    |
|  4 | IKI    | <img src="https://firebasestorage.googleapis.com/v0/b/lastmile-ui/o/import%2Fphotos%2Fconverted%2Fproduct%2FphotoUrl%2FOiGzdqIuls86njWsPYmw_V17319Q_uF3DptJQvjXHqmno4Mal_ZW6JlycCX1EpeAALj49h.webp?alt=media&token=f81897aa-07f1-4625-b6eb-0879c66d589b" width=100 height=60 /> | <a href="https://www.lastmile.lt/chain/PROMO-CashandCarry/product/Pomidoru-pasta-KEDAINIU-23-25percent-250-g-V17319Q"><table width="100"><td> Pomidorų pasta KĖDAINIŲ, 23-25%,  250 g </td></table></a>                                                | 1.81€                                                        | 7.24€/kg                                                           |        |     0.25 | 2025-09-02 | nan           |
|  5 | RIMI   | <img src="https://rimibaltic-res.cloudinary.com/image/upload/b_white,c_limit,dpr_auto,f_auto,q_auto:low,w_auto/d_ecommerce:backend-fallback.png/MAT_161465_PCE_LT" width=100 height=60 />                                                                                       | <a href="https://www.rimi.lt/e-parduotuve/lt/produktai/bakaleja/padazai-garstycios-krienai/pomidoru-padazai-ir-pasta/pomidoru-pasta-kedainiu-konservai-250g/p/161465"><table width="100"><td> Pomidorų pasta KĖDAINIŲ KONSERVAI 250g </td></table></a> | 1.89€                                                        | 7.56€/kg                                                           |        |     0.25 | 2025-09-02 | nan           |
## Špinatai
|    | shop   | image                                                                                                                                                                                                                                                                      | title                                                                                                                                                                                                         | price                                                        | price_per                                                         | off    |   weight | date       | valid_until   |
|---:|:-------|:---------------------------------------------------------------------------------------------------------------------------------------------------------------------------------------------------------------------------------------------------------------------------|:--------------------------------------------------------------------------------------------------------------------------------------------------------------------------------------------------------------|:-------------------------------------------------------------|:------------------------------------------------------------------|:-------|---------:|:-----------|:--------------|
|  0 | MAXIMA | <img src="https://cdn.barbora.lt/products/b30e1179-cef4-4595-82fa-149350e34c3d_s.png" width=100 height=60 />                                                                                                                                                               | <a href="https://barbora.lt/produktai/mazieji-spinatai-well-done-200-g"><table width="100"><td> Mažieji špinatai WELL DONE, 200 g </td></table></a>                                                           | 1.79€                                                        | 8.95€/kg                                                          |        |     0.2  | 2025-09-02 | nan           |
|  1 | RIMI   | <img src="https://rimibaltic-res.cloudinary.com/image/upload/b_white,c_limit,dpr_auto,f_auto,q_auto:low,w_auto/d_ecommerce:backend-fallback.png/MAT_909368_PCE_LT" width=100 height=60 />                                                                                  | <a href="https://www.rimi.lt/e-parduotuve/lt/produktai/vaisiai-darzoves-ir-geles/darzoves-ir-grybai/salotos-ir-ju-misiniai/spinatai-200-g/p/909368"><table width="100"><td> Špinatai, 200 g </td></table></a> | 1.89€                                                        | 9.45€/kg                                                          |        |     0.2  | 2025-09-02 | nan           |
|  2 | IKI    | <img src="https://storage.googleapis.com/download/storage/v1/b/lastmile-ui/o/import%2Fphotos%2Fconverted%2Fproduct%2FCvKfTzV4TN5U8BTMF1Hl_mSSY3wBPDLbC9mgsR6gO_CvKfTzV4TN5U8BTMF1Hl_webpConverter_1_big.webp?generation=1698238909937274&alt=media" width=100 height=60 /> | <a href="https://www.lastmile.lt/chain/IKI/product/Mazieji-spinatai-IKI-100-g-261481"><table width="100"><td> Mažieji špinatai IKI, 100 g </td></table></a>                                                   | <div><strong>0.99€</strong></div><div><del>1.49€</del></div> | <div><strong>9.9€/kg</strong></div><div><del>14.9€/kg</del></div> | -33.6% |     0.11 | 2025-09-02 | 2025-09-07    |
|  3 | IKI    | <img src="https://storage.googleapis.com/download/storage/v1/b/lastmile-ui/o/import%2Fphotos%2Fconverted%2Fproduct%2FCvKfTzV4TN5U8BTMF1Hl_ubv2qHKOY0vUWaJN0oFU_CvKfTzV4TN5U8BTMF1Hl_webpConverter_1_big.webp?generation=1698239853973621&alt=media" width=100 height=60 /> | <a href="https://www.lastmile.lt/chain/IKI/product/Mazieji-spinatai-200-g-253970"><table width="100"><td> Mažieji špinatai, 200 g </td></table></a>                                                           | 2.29€                                                        | 11.45€/kg                                                         |        |   nan    | 2025-08-17 | nan           |
|  4 | MAXIMA | <img src="https://cdn.barbora.lt/products/c6fa49e6-cf09-43c4-8d53-6cd1ea6a54df_s.png" width=100 height=60 />                                                                                                                                                               | <a href="https://barbora.lt/produktai/spinatai-well-done-100-g"><table width="100"><td> Špinatai WELL DONE, 100 g </td></table></a>                                                                           | 1.29€                                                        | 12.9€/kg                                                          |        |     0.1  | 2025-09-02 | nan           |